,Fiscal Quarter,Q2 2025,Q1 2025,Q4 2024,Q3 2024,Q2 2024,Q1 2024,Q4 2023,Q3 2023,Q2 2023,Q1 2023,Q4 2022,Q3 2022,Q2 2022,Q1 2022,Q4 2021,Q3 2021,Q2 2021,Q1 2021,Q4 2020,Q3 2020,+20 Quarters
,Period Ending,"Sep '24 Sep 30, 2024","Jun '24 Jun 30, 2024","Mar '24 Mar 31, 2024","Dec '23 Dec 31, 2023","Sep '23 Sep 30, 2023","Jun '23 Jun 30, 2023","Mar '23 Mar 31, 2023","Dec '22 Dec 31, 2022","Sep '22 Sep 30, 2022","Jun '22 Jun 30, 2022","Mar '22 Mar 31, 2022","Dec '21 Dec 31, 2021","Sep '21 Sep 30, 2021","Jun '21 Jun 30, 2021","Mar '21 Mar 31, 2021","Dec '20 Dec 31, 2020","Sep '20 Sep 30, 2020","Jun '20 Jun 30, 2020","Mar '20 Mar 31, 2020","Dec '19 Dec 31, 2019",+20 Quarters
0,Operating Revenue,14.97,14.97,29.28,29.28,15.47,13.59,13.32,17.25,13.47,11.58,11.21,13.8,16.44,16.06,16.96,19.91,14.01,15.73,6,22.61,Upgrade
1,Other Revenue,0.07,0.07,-0.13,-0.13,0.14,0.13,-,-,-,0.14,-,-,-,0.14,-,-,-,0.19,-,-,Upgrade
2,Revenue,15.04,15.04,29.14,29.14,15.6,13.72,13.32,17.25,13.47,11.72,11.21,13.8,16.44,16.21,16.96,19.91,14.01,15.93,6,22.61,Upgrade
3,Revenue Growth (YoY),-3.58%,9.64%,118.73%,68.95%,15.79%,17.10%,18.81%,24.97%,-18.04%,-27.70%,-33.87%,-30.68%,17.30%,1.76%,182.85%,-11.93%,65.79%,179.48%,-49.94%,514.88%,Upgrade
4,Cost of Revenue,13.46,13.46,27.52,27.52,13.55,9.81,16.05,15.76,11.96,10.61,10.63,10.76,13.25,13.5,14.57,17.29,10.84,12.71,5.38,18.82,Upgrade
5,Gross Profit,1.58,1.58,1.62,1.62,2.05,3.91,-2.72,1.49,1.52,1.11,0.58,3.04,3.19,2.71,2.38,2.63,3.18,3.22,0.62,3.79,Upgrade
6,"Selling, General & Admin",2.44,2.44,4.89,4.89,6.64,5.76,6.49,6.43,7.47,6.37,7.39,6.26,6.33,6.23,6.99,6.73,5.45,5.23,5.92,5.18,Upgrade
7,Operating Expenses,4.17,4.17,4.87,4.87,6.73,6.08,6.61,6.83,7.76,7.23,10.24,6.5,7.32,6.51,6.58,7,5.53,5.31,5.94,5.4,Upgrade
8,Operating Income,-2.59,-2.59,-3.25,-3.25,-4.68,-2.17,-9.33,-5.34,-6.24,-6.12,-9.66,-3.46,-4.12,-3.8,-4.19,-4.37,-2.35,-2.1,-5.32,-1.61,Upgrade
9,Interest Expense,-0.02,-0.02,-0.18,-0.18,-0.2,-0.16,-0.18,-0.2,-0.22,-0.21,-0.19,-0.14,-0.14,-0.16,-0.2,-0.43,-0.25,-0.25,-0.63,-0.17,Upgrade
10,Interest & Investment Income,0.01,0.01,0.01,0.01,0.01,0.01,0.01,0,-,-,-,0,-,-,-,-,0,-,0,0,Upgrade
11,Currency Exchange Gain (Loss),-,-,-,-,-,-,-,-,-,-,-,-,-,-,-0,0,-,-,-0.01,-,Upgrade
12,Other Non Operating Income (Expenses),0.02,0.02,0.15,0.15,0.21,0.27,0.89,0.31,0.39,0.23,0.23,0.24,0.22,0.27,0.17,0.8,0.61,0.31,0.26,0.23,Upgrade
13,EBT Excluding Unusual Items,-2.58,-2.58,-3.28,-3.28,-4.67,-2.05,-8.61,-5.23,-6.07,-6.1,-9.62,-3.36,-4.04,-3.69,-4.23,-3.99,-1.99,-2.04,-5.7,-1.55,Upgrade
14,Impairment of Goodwill,-,-,-,-,-,-,-,-,-,-,-,-,-,-,-1.87,-,-,-,-0.85,-,Upgrade
15,Gain (Loss) on Sale of Assets,-,-,1.29,1.29,0.26,0.12,-0.04,0.02,0.1,-0.02,0.12,0.26,0.63,0.26,0.48,-,0.06,0.01,0.01,0.01,Upgrade
16,Asset Writedown,-,-,-0.14,-0.14,0.18,-,0.62,-,-,-,-1.49,-,-,-,-7.28,-,-,-,-8,-,Upgrade
17,Other Unusual Items,-,-,-,-,-,-,0.41,-,-,0.13,-,-,-,-,-,-,-,-,-,-,Upgrade
18,Pretax Income,-2.58,-2.58,-2.13,-2.13,-4.23,-1.93,-7.63,-5.21,-5.97,-5.99,-10.99,-3.1,-3.41,-3.43,-12.9,-3.99,-1.93,-2.03,-14.55,-1.54,Upgrade
19,Income Tax Expense,0.17,0.17,-0.32,-0.32,-,-,-0.23,-,-,-,0.13,-,-,-,-1.43,-,-,-,-0.84,-,Upgrade
20,Net Income,-2.74,-2.74,-1.82,-1.82,-4.23,-1.93,-7.39,-5.21,-5.97,-5.99,-11.13,-3.1,-3.41,-3.43,-11.48,-3.99,-1.93,-2.03,-13.71,-1.54,Upgrade
21,Net Income to Common,-2.74,-2.74,-1.82,-1.82,-4.23,-1.93,-7.39,-5.21,-5.97,-5.99,-11.13,-3.1,-3.41,-3.43,-11.48,-3.99,-1.93,-2.03,-13.71,-1.54,Upgrade
22,Shares Outstanding (Basic),44,44,25,25,6,6,6,6,6,6,6,6,6,6,7,3,2,2,2,2,Upgrade
23,Shares Outstanding (Diluted),44,44,25,25,6,6,6,6,6,6,6,6,6,6,7,3,2,2,2,2,Upgrade
24,Shares Change (YoY),605.49%,605.49%,301.65%,301.65%,-,-,-,-,-,-,-6.77%,138.75%,200.00%,200.00%,222.05%,40.67%,19.97%,19.97%,20.11%,19.26%,Upgrade
25,EPS (Basic),-0.06,-0.06,-0.07,-0.07,-0.67,-0.31,-1.18,-0.83,-0.95,-0.95,-1.77,-0.49,-0.54,-0.55,-1.71,-1.52,-0.92,-0.97,-6.56,-0.83,Upgrade
26,EPS (Diluted),-0.06,-0.06,-0.07,-0.07,-0.67,-0.31,-1.18,-0.83,-0.95,-0.95,-1.77,-0.49,-0.54,-0.55,-1.71,-1.52,-0.92,-0.97,-6.56,-0.83,Upgrade
27,Free Cash Flow,-14,-14,-10.93,-10.93,-,-,-,-,-,-,-,-,-,-,-,-,-,-,-,-,Upgrade
28,Free Cash Flow Per Share,-0.32,-0.32,-0.43,-0.43,-,-,-,-,-,-,-,-,-,-,-,-,-,-,-,-,Upgrade
29,Gross Margin,10.51%,10.51%,5.55%,5.55%,13.16%,28.53%,-20.43%,8.63%,11.25%,9.48%,5.18%,22.03%,19.43%,16.72%,14.05%,13.19%,22.68%,20.21%,10.33%,16.78%,Upgrade
30,Operating Margin,-17.21%,-17.21%,-11.15%,-11.15%,-29.99%,-15.78%,-70.01%,-30.97%,-46.34%,-52.20%,-86.14%,-25.08%,-25.07%,-23.44%,-24.72%,-21.95%,-16.75%,-13.16%,-88.71%,-7.12%,Upgrade
31,Profit Margin,-18.23%,-18.23%,-6.23%,-6.23%,-27.09%,-14.09%,-55.49%,-30.22%,-44.31%,-51.11%,-99.21%,-22.49%,-20.74%,-21.17%,-67.68%,-20.04%,-13.79%,-12.73%,-228.71%,-6.82%,Upgrade
32,Free Cash Flow Margin,-93.07%,-93.07%,-37.50%,-37.50%,-,-,-,-,-,-,-,-,-,-,-,-,-,-,-,-,Upgrade
33,EBITDA,-1.17,-1.17,-1.7,-1.7,-3.03,-0.29,-7.45,-3.31,-4.36,-4.09,-7.63,-2.07,-2.08,-2.41,-2.8,-3.22,-0.9,-0.94,-4.16,-1.12,Upgrade
34,EBITDA Margin,-7.74%,-7.74%,-5.85%,-5.85%,-19.39%,-2.10%,-55.91%,-19.22%,-32.34%,-34.90%,-68.06%,-15.02%,-12.66%,-14.87%,-16.53%,-16.15%,-6.41%,-5.91%,-69.45%,-4.93%,Upgrade
35,D&A For EBITDA,1.42,1.42,1.54,1.54,1.65,1.88,1.88,2.03,1.89,2.03,2.03,1.39,2.04,1.39,1.39,1.15,1.45,1.15,1.15,0.49,Upgrade
36,EBIT,-2.59,-2.59,-3.25,-3.25,-4.68,-2.17,-9.33,-5.34,-6.24,-6.12,-9.66,-3.46,-4.12,-3.8,-4.19,-4.37,-2.35,-2.1,-5.32,-1.61,Upgrade
37,EBIT Margin,-17.21%,-17.21%,-11.15%,-11.15%,-29.99%,-15.78%,-70.01%,-30.97%,-46.34%,-52.20%,-86.14%,-25.08%,-25.07%,-23.44%,-24.72%,-21.95%,-16.75%,-13.16%,-88.71%,-7.12%,Upgrade
