,Revenue,Net Income,EPS (Diluted),Dividend Per Share,Total Assets,Total Liabilities,Shareholders' Equity,Book Value Per Share,Market Capitalization,PE Ratio,PS Ratio,PB Ratio,Return on Assets (ROA),Return on Equity (ROE),Earnings Yield,Dividend Yield,Stock Symbol,Date,Stock Price,Symbol
Q3 2024,3031250,255545,1278.00,-,9876929,6310985,3565944,15398.21,11060000,10.41,0.87,3.10,-,64.92%,9.60%,-,KSV,2024-09-30 00:00:00,55.3,KSV
Q2 2024,3432454,493517,2468.00,-,10482585,7182994,3299591,13940.73,7080000,8.36,0.54,2.15,-,39.90%,11.96%,-,KSV,2024-06-30 00:00:00,35.04,KSV
Q1 2024,3291680,283130,1415.50,-,-,-,2907929,-,5620000,17.10,0.44,1.93,5.00%,5.63%,5.85%,-,KSV,2024-03-31 00:00:00,27.81,KSV
Q4 2023,3018731,30033,-,500.000,9332343,6424413,2907929,-,6000000,49.98,0.50,2.06,3.10%,5.00%,2.00%,1.68%,KSV,2023-12-31 00:00:00,29.69,KSV
Q3 2023,3343532,39914,1303.00,-,10684736,7812336,2872400,77281.25,7900000,-61.59,0.64,2.75,1.64%,-3.05%,-1.62%,-,KSV,2023-09-30 00:00:00,37.86,KSV
Q2 2023,3246351,-24402,-122.00,-,11330212,8497793,2832418,11636.18,5140000,-,0.42,1.81,4.33%,11.65%,-5.27%,-,KSV,2023-06-30 00:00:00,24.63,KSV
Q1 2023,2303346,74507,372.00,-,11453932,8258951,3194981,13192.54,5400000,-50.68,0.46,1.69,-,-,-1.97%,-,KSV,2023-03-31 00:00:00,25.88,KSV
Q4 2022,3459451,-218278,-1091.00,1200.000,10447702,7482665,2965037,12201.46,-,-,-,-,-,-,-,-,KSV,2022-12-31 00:00:00,28.75,KSV
Q3 2022,3157279,-102751,-514.00,-,-,-,-,-,-,-,-,-,-,-,-,-,KSV,2022-09-30 00:00:00,33.54,KSV
Q2 2022,2846300,139964,700.00,-,11063214,7897014,3166200,13182.27,-,-,-,-,-,-,-,-,KSV,2022-06-30 00:00:00,39.25,KSV
Q1 2022,2788051,160648,803.00,-,-,-,-,-,-,-,-,-,8.47%,32.42%,-,-,KSV,2022-03-31 00:00:00,47.98,KSV
Q4 2021,3255230,206756,1034.00,-,11230997,8046676,3184321,13510.85,-,-,-,-,-,-,-,-,KSV,2021-12-31 00:00:00,45.41,KSV
Q3 2021,1803651,152706,764.00,-,10138422,7202626,2935796,12377.78,-,-,-,-,-,-,-,-,KSV,2021-09-30 00:00:00,44.03,KSV
Q2 2021,2271077,229446,1147.00,-,-,-,-,-,-,-,-,-,-,39.14%,-,-,KSV,2021-06-30 00:00:00,29.46,KSV
Q1 2021,1875807,170481,852.50,-,-,-,2461213,10802.72,-,-,-,-,-,-,-,-,KSV,2021-03-31 00:00:00,16.26,KSV
Q4 2020,2180329,80031,400.00,-,8571269,6110057,2461213,10802.72,-,-,-,-,-,-,-,-,KSV,2020-12-31 00:00:00,12.02,KSV
Q3 2020,1923137,38706,194.00,-,-,-,-,-,-,-,-,-,5.53%,11.58%,-,-,KSV,2020-09-30 00:00:00,8.58,KSV
Q2 2020,,,,,,,,,,,,,,,,,KSV,2020-06-30 00:00:00,9.31,KSV
Q1 2020,,,,,,,,,,,,,,,,,KSV,2020-03-31 00:00:00,9.31,KSV
Q4 2019,,,,,,,,,,,,,,,,,KSV,2019-12-31 00:00:00,9.31,KSV
Q3 2024,2275727,511014,1549.00,-,18134916,11444210,6690707,15965.54,19007996,8.68,2.08,2.84,10.31%,36.98%,11.52%,-,IDC,2024-09-30 00:00:00,57.6,IDC
Q2 2024,2149652,432485,1311.00,2000.000,17544497,11406445,6138053,14417.01,19700996,10.71,2.37,3.21,14.32%,50.23%,9.34%,9.21%,IDC,2024-06-30 00:00:00,59.7,IDC
Q1 2024,2467137,695138,2106.48,-,17386392,10894297,6492095,15675.27,19469996,10.06,2.27,3.00,10.30%,42.23%,9.97%,-,IDC,2024-03-31 00:00:00,56.69,IDC
Q4 2023,2240030,551296,1671.07,1500.000,17720446,11515531,6204915,15068.79,17192996,12.49,2.38,2.77,4.65%,13.17%,8.11%,7.20%,IDC,2023-12-31 00:00:00,48.63,IDC
Q3 2023,1443473,160943,471.00,2000.000,16898218,11287373,5610845,13398.19,15278997,31.73,2.88,2.72,11.62%,42.47%,3.31%,9.26%,IDC,2023-09-30 00:00:00,43.21,IDC
Q2 2023,2408320,533622,1599.55,-,16916639,10713847,6202792,14912.38,13991997,18.84,2.36,2.26,3.43%,11.30%,5.48%,-,IDC,2023-06-30 00:00:00,37.92,IDC
Q1 2023,1146682,147786,417.88,-,17427813,11151142,6276671,15435.94,13529997,8.35,1.98,2.16,-4.15%,-19.89%,12.27%,-,IDC,2023-03-31 00:00:00,34.88,IDC
Q4 2022,313461,-336587,-1146.20,2000.000,17013411,10885488,6127923,14988.07,10460998,-,1.42,1.71,11.00%,38.04%,16.90%,14.83%,IDC,2022-12-31 00:00:00,26.97,IDC
Q3 2022,2052828,422317,1337.00,2000.000,16215006,9863368,6351638,15545.21,16400996,7.90,2.03,2.58,27.73%,98.87%,12.83%,6.02%,IDC,2022-09-30 00:00:00,42.28,IDC
Q2 2022,3322186,1426466,4920.80,-,16251152,9690865,6560288,16315.80,16599000,9.11,2.40,2.53,5.59%,21.95%,11.15%,-,IDC,2022-06-30 00:00:00,41.47,IDC
Q1 2022,1673456,255311,773.67,-,16259182,10947298,5311884,12591.17,24030000,36.99,4.95,4.52,0.62%,3.03%,2.73%,-,IDC,2022-03-31 00:00:00,59.31,IDC
Q4 2021,1025497,777.6,-16.37,545.455,16075835,11047799,5028037,11817.17,21780000,-,5.15,4.33,2.03%,16.58%,2.09%,5.07%,IDC,2021-12-31 00:00:00,53.76,IDC
Q3 2021,891988,168598,510.91,2181.818,16101059,11233918,4867141,12285.63,15600000,14.08,2.98,3.21,1.95%,22.84%,7.13%,5.81%,IDC,2021-09-30 00:00:00,37.53,IDC
Q2 2021,1266219,231641,702.03,-,15415402,10720181,4695222,11799.53,10800000,10.08,1.93,2.30,2.03%,6.84%,9.97%,-,IDC,2021-06-30 00:00:00,25.98,IDC
Q1 2021,1046200,53291,161.47,-,14909633,10440232,4469401,11171.02,11280000,12.86,2.10,2.52,14.96%,59.46%,7.82%,-,IDC,2021-03-31 00:00:00,27.13,IDC
Q4 2020,2031067,659434,1985.51,-,14529375,9571422,4957952,12660.76,10650000,12.27,1.98,2.15,3.00%,16.02%,8.20%,-,IDC,2020-12-31 00:00:00,25.62,IDC
Q3 2020,1248664,132177,400.91,-,14283027,9941539,4341488,10728.48,7050000,39.83,1.47,1.62,1.69%,6.10%,3.28%,-,IDC,2020-09-30 00:00:00,16.96,IDC
Q2 2020,1044967,37516,113.76,-,14530678,10399929,4130749,10241.17,5400000,22.17,1.12,1.31,2.19%,6.89%,5.51%,-,IDC,2020-06-30 00:00:00,12.79,IDC
Q1 2020,1055024,44049,133.48,-,14536457,10254606,4281851,10582.03,4800000,17.58,0.96,1.12,Upgrade,Upgrade,6.82%,-,IDC,2020-03-31 00:00:00,11.37,IDC
Q4 2019,,,,,,,,,,,,,,,,,IDC,2019-12-31 00:00:00,13.43,IDC
Q3 2024,663014,178931,327.08,-,19556577,13379666,6176911,11291.31,17450893,24.37,7.30,2.83,5.09%,16.31%,4.30%,-,MBS,2024-09-30 00:00:00,31.9,MBS
Q2 2024,754703,216720,495.20,-,17593722,12185183,5408540,12358.42,13610603,19.35,6.30,2.52,4.59%,14.24%,5.43%,-,MBS,2024-06-30 00:00:00,25.94,MBS
Q1 2024,546096,182571,417.17,-,16480266,11259499,5220767,11929.38,13260478,21.73,7.71,2.54,4.99%,13.97%,4.87%,-,MBS,2024-03-31 00:00:00,25.28,MBS
Q4 2023,427922,172885,314.97,1200.000,15325125,10286929,5038196,11512.21,9934418,18.10,6.94,1.97,5.74%,13.91%,5.88%,6.34%,MBS,2023-12-31 00:00:00,18.94,MBS
Q3 2023,431421,166311,380.02,-,12405738,7540427,4865311,11117.17,9978182,22.04,7.66,2.05,4.86%,10.62%,4.85%,-,MBS,2023-09-30 00:00:00,19.02,MBS
Q2 2023,315451,123588,282.39,-,10760724,6061724,4699000,10736.96,7040410,17.27,5.89,1.50,4.80%,10.67%,6.23%,-,MBS,2023-06-30 00:00:00,13.42,MBS
Q1 2023,256619,121232,277.01,-,9561218,4954953,4606265,10525.07,6012890,14.87,4.69,1.31,2.56%,6.98%,7.24%,-,MBS,2023-03-31 00:00:00,11.46,MBS
Q4 2022,299200,72432,95.01,-,10641370,6156337,4485032,10248.06,4680921,9.68,3.07,1.04,4.18%,12.90%,10.99%,-,MBS,2022-12-31 00:00:00,8.92,MBS
Q3 2022,323234,121188,328.18,-,12034807,8216788,3818019,10339.33,5619346,9.17,3.18,1.47,4.10%,13.18%,10.90%,-,MBS,2022-09-30 00:00:00,12.69,MBS
Q2 2022,402950,120410,326.08,-,11137353,7440521,3696832,10011.15,4441961,6.58,2.38,1.20,6.84%,22.80%,15.20%,-,MBS,2022-06-30 00:00:00,9.24,MBS
Q1 2022,500010,200176,547.88,-,12370710,8759071,3611640,9780.44,9071259,13.20,4.50,2.51,6.30%,20.56%,7.57%,-,MBS,2022-03-31 00:00:00,18.87,MBS
Q4 2021,541203,170976,463.01,-,11047241,7635695,3411546,9238.49,10810706,18.42,5.84,3.17,7.51%,23.34%,5.43%,-,MBS,2021-12-31 00:00:00,22.48,MBS
Q3 2021,419591,183782,497.66,-,10666158,7425367,3240791,8775.75,8696659,16.93,5.40,2.68,6.27%,20.25%,5.91%,-,MBS,2021-09-30 00:00:00,18.09,MBS
Q2 2021,556879,132078,281.05,-,8912752,5855470,3057282,8278.64,5933600,15.08,4.26,1.94,5.35%,18.95%,6.63%,-,MBS,2021-06-30 00:00:00,17.48,MBS
Q1 2021,333829,99975,383.37,-,7939947,5779624,2160324,8284.19,3697216,10.80,3.45,1.71,6.40%,19.45%,9.26%,-,MBS,2021-03-31 00:00:00,9.2,MBS
Q4 2020,299896,97802,321.84,-,7015596,4955228,2060368,7900.84,2711316,10.09,3.00,1.32,5.05%,13.18%,9.91%,-,MBS,2020-12-31 00:00:00,6.75,MBS
Q3 2020,200710,63627,279.94,-,5216541,3253964,1962578,7525.80,1692523,7.37,2.08,0.86,6.70%,16.61%,13.56%,-,MBS,2020-09-30 00:00:00,4.21,MBS
Q2 2020,235890,80857,334.95,-,4871626,2972674,1898952,7281.81,1561068,7.38,1.97,0.82,2.22%,5.77%,13.55%,-,MBS,2020-06-30 00:00:00,3.88,MBS
Q1 2020,167806,26420,123.93,-,4781439,2785230,1996209,7654.75,1128354,5.70,1.48,0.57,Upgrade,Upgrade,17.55%,-,MBS,2020-03-31 00:00:00,3.14,MBS
Q4 2019,,,,,,,,,,,,,,,,,MBS,2019-12-31 00:00:00,4.76,MBS
Q3 2024,4820018,134851,282.13,-,27342455,13400790,13941665,27623.23,19405431,24.07,0.93,1.39,-0.87%,6.00%,5.55%,-,PVS,2024-09-30 00:00:00,39.84,PVS
Q2 2024,5571428,195523,409.07,-,26932272,12987970,13944302,27744.08,19405431,23.89,0.96,1.39,0.30%,8.87%,5.59%,-,PVS,2024-06-30 00:00:00,39.84,PVS
Q1 2024,3709593,300678,629.08,-,25468206,11532609,13935597,27675.23,18736279,22.29,0.97,1.34,1.25%,13.47%,5.94%,-,PVS,2024-03-31 00:00:00,38.47,PVS
Q4 2023,6782499,446686,366.00,700.000,26416009,12871786,13544223,26851.86,18162719,24.06,0.94,1.34,-0.93%,4.33%,5.65%,1.88%,PVS,2023-12-31 00:00:00,37.29,PVS
Q3 2023,4175549,140994,294.99,-,28564169,15164708,13399461,26548.86,18449499,21.66,1.03,1.38,-0.59%,7.16%,6.25%,-,PVS,2023-09-30 00:00:00,37.18,PVS
Q2 2023,4711857,223972,468.59,-,27057181,13924518,13132663,25990.06,15486108,17.15,0.90,1.18,0.14%,6.95%,7.78%,-,PVS,2023-06-30 00:00:00,31.21,PVS
Q1 2023,3703657,214809,449.42,-,25634512,12494304,13140208,25942.56,12140344,17.71,0.74,0.92,2.85%,18.41%,8.14%,-,PVS,2023-03-31 00:00:00,24.47,PVS
Q4 2022,5284494,574233,568.96,700.000,25924030,12869229,13054801,25784.93,10228479,14.89,0.62,0.78,0.13%,6.06%,9.67%,3.40%,PVS,2022-12-31 00:00:00,20.61,PVS
Q3 2022,3502423,192190,402.10,-,25176868,12282989,12893879,25481.73,11088818,34.50,0.71,0.86,-2.26%,0.33%,5.16%,-,PVS,2022-09-30 00:00:00,22.35,PVS
Q2 2022,3810123,6750,14.12,-,25043285,12439222,12604063,24871.71,11423394,32.60,0.71,0.91,0.27%,7.89%,5.26%,-,PVS,2022-06-30 00:00:00,22.28,PVS
Q1 2022,3769373,216247,452.43,-,24645109,11865998,12779111,25141.78,16585430,33.48,1.08,1.30,1.23%,5.46%,4.50%,-,PVS,2022-03-31 00:00:00,32.34,PVS
Q4 2021,4609106,157026,-196.20,800.000,24870939,12263174,12607765,24854.52,13048480,-,0.92,1.03,-0.06%,7.39%,5.17%,3.14%,PVS,2021-12-31 00:00:00,25.44,PVS
Q3 2021,3980465,221141,462.67,-,24882527,11794755,13087772,25862.32,13526446,40.20,0.90,1.03,-0.16%,5.28%,4.19%,-,PVS,2021-09-30 00:00:00,26.38,PVS
Q2 2021,3056742,151826,317.65,-,24588581,11652112,12936469,25581.54,13765429,44.07,0.81,1.06,-0.34%,5.05%,3.94%,-,PVS,2021-06-30 00:00:00,25.87,PVS
Q1 2021,2613675,144609,302.55,-,24600709,11563042,13037667,25698.01,10993225,25.75,0.56,0.84,-5.10%,2.29%,5.98%,-,PVS,2021-03-31 00:00:00,20.66,PVS
Q4 2020,5455038,49279,-378.86,1000.000,26279277,13395160,12884117,25410.89,8507800,-,0.42,0.66,2.30%,6.78%,7.33%,6.25%,PVS,2020-12-31 00:00:00,15.99,PVS
Q3 2020,5966193,197037,412.24,-,27066034,13833621,13232414,26193.32,6500342,8.81,0.36,0.49,1.08%,8.97%,14.74%,-,PVS,2020-09-30 00:00:00,11.44,PVS
Q2 2020,5517582,266431,557.43,-,27188329,14152456,13035873,25824.48,5687799,9.43,0.34,0.44,0.42%,3.73%,14.48%,-,PVS,2020-06-30 00:00:00,10.01,PVS
Q1 2020,3241101,111249,232.75,-,25428383,12466708,12961675,25609.67,4301697,7.75,0.27,0.33,Upgrade,Upgrade,18.02%,-,PVS,2020-03-31 00:00:00,7.57,PVS
Q4 2019,,,,,,,,,,,,,,,,,PVS,2019-12-31 00:00:00,14.72,PVS
Q3 2024,256639,68992,85.00,-,12918981,1896407,11022574,13555.29,12685245,13.24,9.32,1.15,11.71%,13.09%,7.55%,-,SHS,2024-09-30 00:00:00,15.6,SHS
Q2 2024,583722,354161,436.00,-,12262285,1276937,10985349,13509.51,13661033,12.56,8.66,1.24,12.19%,13.62%,7.96%,-,SHS,2024-06-30 00:00:00,16.8,SHS
Q1 2024,549539,356304,438.00,-,11925270,1264450,10660820,13110.41,16344451,18.69,12.70,1.53,6.41%,7.01%,5.35%,-,SHS,2024-03-31 00:00:00,20.1,SHS
Q4 2023,-29023,178501,220.00,-,11457208,1193697,10263511,12621.81,15368663,27.48,11.05,1.50,7.37%,7.98%,3.64%,-,SHS,2023-12-31 00:00:00,18.9,SHS
Q3 2023,473196,198848,245.00,-,10806424,695219,10111205,12434.51,13986296,26.74,7.01,1.38,5.17%,5.83%,3.74%,-,SHS,2023-09-30 00:00:00,17.2,SHS
Q2 2023,293415,141020,173.00,-,10771326,943598,9827727,12085.90,10733669,26.03,6.00,1.09,1.49%,1.73%,3.84%,-,SHS,2023-06-30 00:00:00,13.2,SHS
Q1 2023,652787,40924,50.00,-,11068282,1552014,9516267,11702.87,7481042,-290.60,5.44,0.79,5.11%,6.02%,-0.34%,-,SHS,2023-03-31 00:00:00,9.2,SHS
Q4 2022,576386,142195,193.60,-,10899626,1463766,9435859,11603.99,6830517,42.11,4.98,0.72,3.13%,3.74%,2.37%,-,SHS,2022-12-31 00:00:00,8.4,SHS
Q3 2022,267286,88255,137.60,-,11369393,1921345,9448048,11618.98,8538146,14.49,4.53,0.90,-10.34%,-15.01%,6.90%,-,SHS,2022-09-30 00:00:00,10.5,SHS
Q2 2022,-120379,-297117,-730.40,-,11220413,1813556,9406856,11568.24,4423604,-,2.07,0.47,8.07%,14.67%,16.89%,-,SHS,2022-06-30 00:00:00,10.88,SHS
Q1 2022,648114,228884,419.05,-,11774992,5347404,6427588,15808.86,13173234,9.73,4.67,2.05,21.74%,44.85%,10.28%,-,SHS,2022-03-31 00:00:00,21.32,SHS
Q4 2021,1088216,569062,1400.00,-,10910884,4855304,6055580,14893.90,16458410,11.79,6.02,2.72,9.97%,23.34%,8.48%,-,SHS,2021-12-31 00:00:00,26.63,SHS
Q3 2021,524693,246414,951.20,-,10031335,5936040,4095294,15054.04,7900027,6.72,3.48,1.93,15.06%,30.73%,14.88%,-,SHS,2021-09-30 00:00:00,19.11,SHS
Q2 2021,561380,309998,1139.81,-,9733705,5384134,4349571,15988.75,9119801,8.53,4.49,2.10,15.86%,31.19%,11.72%,-,SHS,2021-06-30 00:00:00,16.58,SHS
Q1 2021,558828,270812,995.81,-,6734431,3013737,3720694,13677.04,5865690,5.99,3.23,1.58,20.06%,46.01%,16.68%,-,SHS,2021-03-31 00:00:00,10.67,SHS
Q4 2020,628140,348590,1281.52,914.286,6929743,3703428,3226315,11859.73,5181705,6.87,3.23,1.61,8.52%,19.34%,14.56%,15.03%,SHS,2020-12-31 00:00:00,9.42,SHS
Q3 2020,284332,139686,513.52,-,6974647,4140311,2834336,10418.84,2487218,5.63,2.17,0.88,14.55%,30.90%,17.75%,-,SHS,2020-09-30 00:00:00,4.52,SHS
Q2 2020,342405,219470,806.86,-,6139057,3195684,2943372,10819.65,2445765,6.02,2.18,0.83,3.10%,6.86%,16.60%,-,SHS,2020-06-30 00:00:00,4.05,SHS
Q1 2020,349976,46567,171.43,-,5931035,3192132,2738903,10068.03,1181429,4.90,1.22,0.43,Upgrade,Upgrade,20.43%,-,SHS,2020-03-31 00:00:00,1.96,SHS
Q4 2019,,,,,,,,,,,,,,,,,SHS,2019-12-31 00:00:00,2.64,SHS
Q3 2024,971618,161950,959.00,-,6407184,1162902,5244282,32776.77,10352000,12.70,2.37,1.97,10.73%,19.64%,8.26%,-,VCS,2024-09-30 00:00:00,62.7,VCS
Q2 2024,1174230,251238,1505.00,2000.000,6130764,1048066,5082698,31766.86,11760000,13.87,2.65,2.31,9.22%,16.16%,7.55%,5.62%,VCS,2024-06-30 00:00:00,71.23,VCS
Q1 2024,1073888,204745,1227.00,-,6424677,1273217,5151460,32196.63,11536000,14.05,2.63,2.24,10.90%,18.81%,7.46%,-,VCS,2024-03-31 00:00:00,68.21,VCS
Q4 2023,1153773,236882,1177.97,-,6468249,1482430,4985818,31161.37,8800000,10.91,2.02,1.77,9.14%,15.61%,9.62%,-,VCS,2023-12-31 00:00:00,52.03,VCS
Q3 2023,1028478,194941,1149.00,2000.000,6437409,1346417,5090992,31818.70,10240000,13.70,2.31,2.01,9.74%,18.05%,7.97%,6.84%,VCS,2023-09-30 00:00:00,58.45,VCS
Q2 2023,1137759,224438,1339.00,2000.000,6660355,1761536,4898820,30617.62,9680000,12.84,2.15,1.98,8.52%,15.33%,8.50%,9.05%,VCS,2023-06-30 00:00:00,55.25,VCS
Q1 2023,1033850,190120,1138.00,-,6653221,1602491,5050731,31567.07,8064000,8.97,1.59,1.60,10.12%,16.52%,12.00%,-,VCS,2023-03-31 00:00:00,44.54,VCS
Q4 2022,1227062,206836,775.49,-,6589905,1721167,4868738,30429.61,8992000,8.33,1.59,1.85,9.49%,15.95%,12.77%,-,VCS,2022-12-31 00:00:00,49.66,VCS
Q3 2022,1095276,201178,1189.00,3000.000,7061537,1915194,5146343,32164.64,10496000,8.60,1.67,2.04,16.13%,29.08%,13.43%,10.95%,VCS,2022-09-30 00:00:00,54.78,VCS
Q2 2022,1725774,369661,2062.00,3000.000,6889963,1944798,4945165,30907.28,11904000,7.92,1.69,2.41,15.53%,29.39%,14.23%,8.05%,VCS,2022-06-30 00:00:00,62.13,VCS
Q1 2022,1612153,371028,2180.00,-,7011386,1785999,5225386,32658.66,18800000,11.88,2.64,3.60,20.19%,38.97%,9.43%,-,VCS,2022-03-31 00:00:00,94.94,VCS
Q4 2021,1863746,467671,1551.20,-,6892914,2018717,4874197,30463.73,18720000,11.83,2.65,3.84,22.24%,43.28%,9.47%,-,VCS,2021-12-31 00:00:00,94.53,VCS
Q3 2021,1861935,485146,2713.00,2000.000,6884388,2157861,4726526,29540.79,20624000,12.45,3.00,4.36,21.02%,42.40%,8.58%,5.86%,VCS,2021-09-30 00:00:00,102.39,VCS
Q2 2021,1793152,448464,2516.00,2000.000,6514587,2273206,4241381,26508.63,17408000,11.06,2.67,4.10,18.39%,36.72%,9.69%,4.63%,VCS,2021-06-30 00:00:00,86.42,VCS
Q1 2021,1551295,370779,2067.00,-,6272064,2052516,4219548,26372.18,15552000,11.25,2.66,3.69,22.61%,49.17%,9.61%,-,VCS,2021-03-31 00:00:00,75.77,VCS
Q4 2020,1659532,464778,2044.25,2000.000,6055334,2197513,3857821,24857.09,13533440,10.28,2.39,3.51,20.84%,45.99%,10.55%,2.94%,VCS,2020-12-31 00:00:00,67.98,VCS
Q3 2020,1505356,402697,2306.00,-,5965227,2261784,3703443,23862.39,11360640,9.16,2.04,3.07,13.88%,30.58%,11.91%,-,VCS,2020-09-30 00:00:00,55.65,VCS
Q2 2020,1126723,256659,1481.00,-,5660569,2359823,3300746,21267.69,9498240,7.99,1.72,2.88,17.60%,35.48%,13.70%,-,VCS,2020-06-30 00:00:00,46.52,VCS
Q1 2020,1367984,304286,1753.00,-,5560093,2147054,3413039,21331.49,8480000,6.32,1.46,2.48,Upgrade,Upgrade,17.15%,-,VCS,2020-03-31 00:00:00,40.29,VCS
Q4 2019,,,,,,,,,,,,,,,,,VCS,2019-12-31 00:00:00,51.89,VCS
Q3 2024,1201375,171889,1206.00,-,5597817,2147981,3449836,24203.89,8737265,13.90,1.69,2.53,13.73%,29.31%,7.83%,-,NTP,2024-09-30 00:00:00,59.88,NTP
Q2 2024,1680360,238229,1671.82,1500.000,5596372,2318425,3277947,22997.83,7411709,12.25,1.40,2.26,6.21%,13.75%,8.91%,4.74%,NTP,2024-06-30 00:00:00,50.8,NTP
Q1 2024,948714,109003,764.76,-,5188853,1964351,3224502,22622.87,5571739,11.26,1.15,1.73,10.50%,21.04%,9.87%,-,NTP,2024-03-31 00:00:00,37.54,NTP
Q4 2023,1350554,164662,768.04,909.091,5453699,2338200,3115499,21858.11,5118226,10.15,0.99,1.64,9.01%,19.30%,10.93%,6.59%,NTP,2023-12-31 00:00:00,34.48,NTP
Q3 2023,1301196,148183,1040.00,-,5176969,2031769,3145201,22066.49,4716542,11.27,0.88,1.50,7.43%,17.25%,9.84%,-,NTP,2023-09-30 00:00:00,30.51,NTP
Q2 2023,1224315,128187,899.09,1363.636,4965698,1968680,2997017,21026.85,4859075,13.72,0.90,1.62,8.43%,16.38%,8.22%,10.12%,NTP,2023-06-30 00:00:00,31.43,NTP
Q1 2023,1299799,118383,830.56,-,5309395,2360195,2949200,20691.37,4042750,10.03,0.69,1.37,5.47%,9.57%,11.09%,-,NTP,2023-03-31 00:00:00,25.78,NTP
Q4 2022,1561674,69236,165.85,1818.182,5063837,2233020,2830817,19860.80,4146411,9.55,0.73,1.46,5.04%,11.45%,11.57%,6.88%,NTP,2022-12-31 00:00:00,26.44,NTP
Q3 2022,1321374,83834,588.18,-,5722041,2766097,2955944,20738.68,4910905,10.10,0.88,1.66,11.08%,24.59%,10.80%,-,NTP,2022-09-30 00:00:00,29.95,NTP
Q2 2022,1717075,177006,1241.85,-,5416186,2514076,2902110,20360.91,4370238,9.10,0.82,1.51,7.79%,21.48%,12.00%,-,NTP,2022-06-30 00:00:00,26.65,NTP
Q1 2022,1084989,149463,1048.62,-,5019297,2161856,2857441,20047.52,6867517,15.50,1.42,2.40,6.84%,17.46%,7.09%,-,NTP,2022-03-31 00:00:00,40.99,NTP
Q4 2021,1467595,120100,532.84,826.446,4898198,2190220,2707978,18998.90,7067771,16.69,1.47,2.61,5.70%,11.28%,6.62%,4.90%,NTP,2021-12-31 00:00:00,42.19,NTP
Q3 2021,1062897,77718,545.45,-,5107066,2312493,2794572,19606.44,5972266,14.76,1.32,2.14,8.47%,20.59%,7.58%,-,NTP,2021-09-30 00:00:00,34.71,NTP
Q2 2021,1231944,139900,981.82,1239.669,4734285,2017431,2716854,19061.18,5984046,12.87,1.29,2.20,9.96%,19.60%,8.57%,9.51%,NTP,2021-06-30 00:00:00,34.78,NTP
Q1 2021,1061088,130041,912.36,-,4327470,1609140,2718330,19071.53,4240663,9.35,0.92,1.56,8.11%,15.96%,11.83%,-,NTP,2021-03-31 00:00:00,23.98,NTP
Q4 2020,1161850,105183,400.01,826.446,3895419,1306130,2589289,18166.19,4240663,10.63,0.95,1.64,10.79%,21.10%,10.55%,8.61%,NTP,2020-12-31 00:00:00,23.98,NTP
Q3 2020,1192302,137880,967.77,1239.669,4146280,1463480,2682799,18830.29,3851935,8.56,0.84,1.44,9.44%,20.19%,11.68%,12.55%,NTP,2020-09-30 00:00:00,20.85,NTP
Q2 2020,1178853,128484,901.52,-,4410299,1865380,2544919,17856.62,3658073,9.28,0.85,1.44,6.39%,11.84%,10.78%,-,NTP,2020-06-30 00:00:00,20.21,NTP
Q1 2020,953107,75642,530.69,-,4222622,1677725,2544897,17854.68,2606040,6.31,0.56,1.02,Upgrade,Upgrade,15.85%,-,NTP,2020-03-31 00:00:00,14.0,NTP
Q4 2019,,,,,,,,,,,,,,,,,NTP,2019-12-31 00:00:00,16.17,NTP
Q3 2024,543452,19225,233.48,-,1926305,869545,1056760,12503.56,5804988,82.75,2.89,5.49,-,6.94%,1.21%,-,DHT,2024-09-30 00:00:00,70.0,DHT
Q2 2024,493768,18678,-,500.000,1765531,709285,1056246,-,4364034,64.48,2.24,4.13,-,6.48%,1.55%,1.43%,DHT,2024-06-30 00:00:00,52.62,DHT
Q1 2024,499724,16661,-,250.000,-,-,1067150,-,2214953,29.87,1.11,2.08,2.44%,6.31%,3.35%,2.81%,DHT,2024-03-31 00:00:00,26.71,DHT
Q4 2023,474192,15583,-,-,1838264,771114,1067150,-,1893826,22.75,0.94,1.77,2.90%,7.41%,4.40%,-,DHT,2023-12-31 00:00:00,22.37,DHT
Q3 2023,476508,16759,-,-,1838264,771114,1067150,-,1567538,15.27,0.75,1.47,-,-,6.55%,-,DHT,2023-09-30 00:00:00,20.62,DHT
Q2 2023,547055,25144,-,500.000,1547375,696068,851307,-,2040757,18.77,0.97,2.40,-,-,5.33%,4.12%,DHT,2023-06-30 00:00:00,26.84,DHT
Q1 2023,523144,25768,-,250.000,-,-,-,-,1048370,10.25,0.54,-,7.61%,18.27%,9.76%,4.40%,DHT,2023-03-31 00:00:00,13.79,DHT
Q4 2022,534312,34986,-,-,1469502,670662,798841,-,1027245,10.79,0.56,1.29,5.11%,11.99%,9.27%,-,DHT,2022-12-31 00:00:00,13.51,DHT
Q3 2022,491595,22842,-,357.143,1241706,453255,788452,-,1043089,13.18,0.60,1.32,3.73%,10.42%,7.59%,5.34%,DHT,2022-09-30 00:00:00,13.37,DHT
Q2 2022,403771,18687,-,-,1219452,454277,765175,-,1080059,16.62,0.68,1.41,3.55%,10.53%,6.02%,-,DHT,2022-06-30 00:00:00,13.84,DHT
Q1 2022,407716,18697,-,-,1243484,496502,746982,-,1090622,16.60,0.67,1.46,3.68%,10.86%,6.02%,-,DHT,2022-03-31 00:00:00,13.98,DHT
Q4 2021,446303,18913,-,357.143,1237591,484245,753345,-,1188329,17.49,0.74,1.58,0.95%,5.04%,5.72%,2.40%,DHT,2021-12-31 00:00:00,14.89,DHT
Q3 2021,325099,8674,-,-,1271542,535458,736084,-,1233222,17.09,0.69,1.68,3.89%,11.17%,5.85%,-,DHT,2021-09-30 00:00:00,15.45,DHT
Q2 2021,458024,19419,-,-,1267538,540704,726834,-,1267551,15.40,0.66,1.74,4.42%,16.61%,6.49%,-,DHT,2021-06-30 00:00:00,15.88,DHT
Q1 2021,379937,20940,-,-,1252046,545457,706589,-,1386384,21.48,0.74,1.96,8.79%,28.05%,4.66%,-,DHT,2021-03-31 00:00:00,17.37,DHT
Q4 2020,618850,23114,-,-,920046,570433,349613,-,1126008,15.02,0.56,3.22,6.39%,24.71%,6.66%,-,DHT,2020-12-31 00:00:00,17.63,DHT
Q3 2020,472407,18831,-,-,806210,477705,328505,-,1130233,15.62,0.58,3.44,7.84%,25.05%,6.40%,-,DHT,2020-09-30 00:00:00,17.38,DHT
Q2 2020,396298,1663,-,-,764851,456160,308691,-,961226,13.39,0.47,3.11,12.21%,39.69%,7.47%,-,DHT,2020-06-30 00:00:00,14.78,DHT
Q1 2020,518920,31377,-,-,724345,386050,338295,-,929537,13.10,0.43,2.75,Upgrade,Upgrade,7.63%,-,DHT,2020-03-31 00:00:00,13.71,DHT
Q4 2019,,,,,,,,,,,,,,,,,DHT,2019-12-31 00:00:00,15.15,DHT
Q1 2024,352271,116841,-,-,5508560,428319,5080242,-,5810000,18.76,3.82,1.14,-1.64%,4.82%,5.33%,-,VIF,2024-03-31 00:00:00,15.82,VIF
Q4 2023,375514,78612,-,-,5482706,497053,4985653,-,6055000,20.63,3.81,1.21,0.50%,5.87%,4.85%,-,VIF,2023-12-31 00:00:00,16.48,VIF
Q3 2023,471448,81093,-,-,5482706,497053,4985653,-,6615000,20.36,3.78,1.33,-1.56%,2.65%,4.91%,-,VIF,2023-09-30 00:00:00,18.01,VIF
Q2 2023,323136,33228,-,-,5697377,834184,4863194,-,6125000,16.09,3.57,1.26,0.05%,8.03%,6.22%,-,VIF,2023-06-30 00:00:00,16.67,VIF
Q1 2023,420025,100642,-,-,5604830,465759,5139071,-,4340000,9.50,2.31,0.84,-1.55%,8.81%,10.53%,-,VIF,2023-03-31 00:00:00,11.16,VIF
Q4 2022,535720,109972,292.57,826.000,5616914,574018,5042897,13153.90,4550000,9.47,2.34,0.90,0.11%,11.19%,10.56%,7.06%,VIF,2022-12-31 00:00:00,11.7,VIF
Q3 2022,435337,136843,-,-,5586375,601115,4985260,-,5670000,12.79,3.07,1.14,-,-,7.82%,-,VIF,2022-09-30 00:00:00,14.58,VIF
Q2 2022,488053,109542,-,-,5685859,835742,4850118,-,6090000,19.36,3.34,1.26,-,10.54%,5.17%,-,VIF,2022-06-30 00:00:00,15.07,VIF
Q1 2022,488362,123927,-,-,-,-,4819222,11709.32,7245000,25.87,3.80,1.50,-,-,3.87%,-,VIF,2022-03-31 00:00:00,17.93,VIF
Q4 2021,437734,72929,180.27,-,5445295,626073,4819222,11709.32,7105000,28.29,3.58,1.47,-,-,3.53%,-,VIF,2021-12-31 00:00:00,17.59,VIF
Q3 2021,410253,8231,-,-,-,-,-,-,5775000,20.33,2.84,-,-,-,4.92%,-,VIF,2021-09-30 00:00:00,14.29,VIF
Q2 2021,569520,74934,-,-,-,-,-,-,5600000,13.88,2.68,-,-,7.99%,7.21%,-,VIF,2021-06-30 00:00:00,13.86,VIF
Q1 2021,566437,95035,-,-,-,-,4914131,-,5950000,12.04,2.97,1.21,-,-,8.30%,-,VIF,2021-03-31 00:00:00,13.94,VIF
Q4 2020,489724,105886,-,889.000,5503667,589536,4914131,-,5880000,11.90,3.28,1.20,-,-,8.40%,6.45%,VIF,2020-12-31 00:00:00,13.78,VIF
Q1 2020,462456,127745,-,-,5887665,496487,5391179,-,5810000,10.26,3.27,1.08,-0.60%,12.97%,9.74%,-,VIF,2020-03-31 00:00:00,12.17,VIF
Q3 2024,,,,,,,,,,,,,,,,,VIF,2024-09-30 00:00:00,17.7,VIF
Q2 2024,,,,,,,,,,,,,,,,,VIF,2024-06-30 00:00:00,17.82,VIF
Q3 2020,,,,,,,,,,,,,,,,,VIF,2020-09-30 00:00:00,13.94,VIF
Q2 2020,,,,,,,,,,,,,,,,,VIF,2020-06-30 00:00:00,12.47,VIF
Q4 2019,,,,,,,,,,,,,,,,,VIF,2019-12-31 00:00:00,16.79,VIF
Q3 2024,112451,58652,4674.00,-,361860,53000,308860,24612.99,926756,6.92,3.35,3.00,57.62%,106.18%,14.46%,-,HGM,2024-09-30 00:00:00,78.45,HGM
Q2 2024,83757,49948,3981.00,2000.000,265581,53693,211889,16888.08,667560,7.12,3.10,3.15,22.45%,41.61%,14.04%,10.07%,HGM,2024-06-30 00:00:00,54.64,HGM
Q1 2024,52486,18828,1501.00,-,206179,41741,164438,13108.92,566234,8.88,2.99,3.44,10.85%,13.02%,11.27%,-,HGM,2024-03-31 00:00:00,46.35,HGM
Q4 2023,27788,6536,492.46,3500.000,238841,41311,197531,14883.22,429146,7.82,2.44,2.17,22.85%,37.85%,12.78%,13.67%,HGM,2023-12-31 00:00:00,32.92,HGM
Q3 2023,51561,18444,1547.00,-,243995,39831,204164,17123.96,590076,10.45,3.28,2.89,24.17%,45.29%,9.57%,-,HGM,2023-09-30 00:00:00,44.31,HGM
Q2 2023,57393,19983,1676.00,1000.000,220986,35266,185720,15576.78,572195,8.69,3.16,3.08,-,-,11.51%,8.15%,HGM,2023-06-30 00:00:00,42.96,HGM
Q1 2023,38940,9889,830.00,-,221566,54335,167231,14036.51,578155,8.61,3.06,3.46,-,-,11.61%,-,HGM,2023-03-31 00:00:00,42.11,HGM
Q3 2022,31801,8135,682.00,-,-,-,-,-,557890,7.64,3.05,-,33.39%,51.68%,13.09%,-,HGM,2022-09-30 00:00:00,38.46,HGM
Q2 2022,53033,27843,2336.00,2500.000,248245,41007,207238,17386.94,721204,8.09,3.82,3.48,27.03%,40.74%,12.37%,5.03%,HGM,2022-06-30 00:00:00,49.72,HGM
Q1 2022,65470,21262,1784.00,-,257672,33931,223741,18773.08,536432,7.33,3.19,2.40,22.86%,32.58%,13.65%,-,HGM,2022-03-31 00:00:00,34.69,HGM
Q4 2021,32649,15782,1120.00,-,227040,33292,193747,13749.84,418417,6.76,2.81,2.16,24.74%,55.07%,14.79%,-,HGM,2021-12-31 00:00:00,27.06,HGM
Q3 2021,37662,24315,1937.21,-,227040,33292,193747,15436.38,441067,8.58,3.22,2.28,19.80%,29.59%,11.65%,-,HGM,2021-09-30 00:00:00,28.53,HGM
Q2 2021,32265,11838,993.00,1000.000,184999,25529,159470,13376.54,429146,15.80,3.73,2.69,17.24%,25.75%,6.33%,6.65%,HGM,2021-06-30 00:00:00,27.08,HGM
Q1 2021,46531,9952,835.00,-,184023,23391,160631,13477.78,445835,25.08,4.40,2.78,4.36%,14.49%,3.99%,-,HGM,2021-03-31 00:00:00,27.54,HGM
Q4 2020,20319,5300,422.00,800.000,175675,27074,148601,11832.13,417225,43.44,5.66,2.81,-0.42%,0.21%,2.30%,3.10%,HGM,2020-12-31 00:00:00,25.77,HGM
Q3 2020,15920,74.29,6.00,-,165185,21201,143984,11628.56,452987,155.44,5.86,3.15,3.50%,6.59%,0.64%,-,HGM,2020-09-30 00:00:00,27.98,HGM
Q2 2020,18594,2449,205.00,-,167362,23452,143910,12046.90,452987,139.57,5.48,3.15,1.95%,4.68%,0.72%,-,HGM,2020-06-30 00:00:00,27.98,HGM
Q1 2020,18919,1781,149.00,-,175740,22531,153209,12814.13,429146,123.83,5.04,2.80,12.04%,-3.66%,0.81%,-,HGM,2020-03-31 00:00:00,25.93,HGM
Q4 2022,,,,,,,,,,,,,,,,,HGM,2022-12-31 00:00:00,31.69,HGM
Q4 2019,,,,,,,,,,,,,,,,,HGM,2019-12-31 00:00:00,28.09,HGM
Q3 2024,366376,79537,804.00,-,2446346,687859,1758487,17775.74,2920500,10.56,2.08,1.66,8.31%,16.86%,10.26%,-,CDN,2024-09-30 00:00:00,29.5,CDN
Q2 2024,351035,72627,734.00,-,2363430,684622,1678808,16966.75,3217500,12.14,2.37,1.92,10.28%,17.82%,8.95%,-,CDN,2024-06-30 00:00:00,32.5,CDN
Q1 2024,353976,77046,778.00,-,2263285,495656,1767628,17849.38,2791800,10.59,2.13,1.58,9.35%,16.99%,10.26%,-,CDN,2024-03-31 00:00:00,27.01,CDN
Q4 2023,330620,70320,479.29,-,2202279,511696,1690583,17078.08,2732400,10.80,2.21,1.62,8.63%,17.10%,10.09%,-,CDN,2023-12-31 00:00:00,26.44,CDN
Q3 2023,319805,67842,686.00,-,2150729,530467,1620263,16383.56,2623500,9.37,2.12,1.62,8.35%,17.77%,10.68%,-,CDN,2023-09-30 00:00:00,25.38,CDN
Q2 2023,306676,71195,719.00,-,2206127,653231,1552896,15682.78,2554200,9.18,2.08,1.64,-,-,10.89%,-,CDN,2023-06-30 00:00:00,24.71,CDN
Q1 2023,278040,66443,671.00,-,2095102,442524,1652578,16689.30,2673000,9.76,2.23,1.62,-,-,10.24%,-,CDN,2023-03-31 00:00:00,24.45,CDN
Q4 2022,333645,74638,754.00,1500.000,2059954,474240,1585713,16018.91,2841300,10.45,2.37,1.79,-,-,9.57%,5.77%,CDN,2022-12-31 00:00:00,25.99,CDN
Q3 2022,307892,65934,666.00,-,-,-,-,-,2475000,9.74,2.20,-,8.97%,17.92%,10.27%,-,CDN,2022-09-30 00:00:00,22.64,CDN
Q2 2022,276648,66832,675.00,-,1943256,501771,1441485,14558.93,2871000,11.63,2.65,1.99,10.84%,17.11%,8.60%,-,CDN,2022-06-30 00:00:00,26.26,CDN
Q1 2022,278277,64611,653.00,-,1820427,277608,1542819,15592.74,3029400,12.50,2.77,1.96,9.25%,15.67%,8.00%,-,CDN,2022-03-31 00:00:00,26.21,CDN
Q4 2021,260927,56782,573.00,1500.000,1783622,305663,1477959,14914.52,2900700,12.18,2.69,1.96,9.50%,16.85%,8.21%,5.98%,CDN,2021-12-31 00:00:00,25.1,CDN
Q3 2021,269219,58623,593.00,-,1753397,332220,1421177,14375.78,2930400,13.00,2.77,2.06,9.49%,17.64%,7.69%,-,CDN,2021-09-30 00:00:00,25.36,CDN
Q2 2021,283479,62372,630.00,-,1836501,473986,1362515,13762.42,2752200,12.57,2.72,2.02,10.25%,16.80%,7.96%,-,CDN,2021-06-30 00:00:00,23.82,CDN
Q1 2021,265280,60292,609.00,-,1735401,269377,1466024,14808.11,2970000,13.89,3.14,2.03,7.65%,12.77%,7.20%,-,CDN,2021-03-31 00:00:00,24.38,CDN
Q4 2020,238521,44182,446.00,1500.000,1720176,314432,1405744,14190.31,2673000,12.75,2.96,1.90,9.16%,15.62%,7.84%,6.84%,CDN,2020-12-31 00:00:00,21.94,CDN
Q3 2020,226144,52170,527.00,-,1674120,312559,1361562,13754.06,2257200,10.76,2.54,1.66,9.48%,16.81%,9.29%,-,CDN,2020-09-30 00:00:00,18.53,CDN
Q2 2020,215209,57137,577.00,-,1673835,364252,1309583,13224.87,1732500,8.29,1.95,1.32,9.73%,16.24%,12.07%,-,CDN,2020-06-30 00:00:00,14.22,CDN
Q1 2020,224421,56096,567.00,-,1696505,286532,1409974,14251.66,1831500,9.16,2.09,1.30,Upgrade,Upgrade,10.92%,-,CDN,2020-03-31 00:00:00,14.0,CDN
Q4 2019,,,,,,,,,,,,,,,,,CDN,2019-12-31 00:00:00,14.98,CDN
Q3 2024,166538,35608,390.00,-,4618731,2144291,2474440,34271.95,3126266,16.43,3.54,1.26,2.90%,7.85%,6.09%,-,BVS,2024-09-30 00:00:00,42.48,BVS
Q2 2024,281571,47365,865.22,-,6334553,3901198,2433355,33702.91,2888006,15.10,3.18,1.19,3.44%,9.31%,6.62%,-,BVS,2024-06-30 00:00:00,39.24,BVS
Q1 2024,198944,54746,644.00,-,6721494,4330608,2390886,33114.70,2418705,10.84,2.91,1.01,3.94%,9.03%,9.23%,-,BVS,2024-03-31 00:00:00,32.86,BVS
Q4 2023,235547,52614,584.88,-,6013664,3698888,2314777,32060.55,1833884,9.37,2.46,0.79,3.01%,6.30%,10.67%,-,BVS,2023-12-31 00:00:00,24.92,BVS
Q3 2023,193003,36523,521.00,-,4674255,2330313,2343942,32464.51,1877204,7.76,2.71,0.80,6.96%,14.07%,10.00%,-,BVS,2023-09-30 00:00:00,24.55,BVS
Q2 2023,204375,79310,811.00,-,5033311,2739401,2293911,31771.55,1696703,6.97,2.69,0.74,2.75%,4.96%,11.16%,-,BVS,2023-06-30 00:00:00,22.19,BVS
Q1 2023,111059,27277,377.79,-,4077290,1861877,2215414,30684.34,1379023,7.67,2.22,0.62,4.34%,8.15%,9.12%,-,BVS,2023-03-31 00:00:00,18.03,BVS
Q4 2022,184472,44689,1122.34,1000.000,3857651,1676711,2180940,30206.86,1487323,7.40,2.07,0.68,3.40%,6.96%,9.88%,5.14%,BVS,2022-12-31 00:00:00,19.45,BVS
Q3 2022,131720,38095,598.00,-,4388476.0,2183143.0,2205333.0,30544.72,1364583,9.98,1.61,0.62,1.20%,2.88%,14.66%,-,BVS,2022-09-30 00:00:00,17.04,BVS
Q2 2022,194276,15735,694.06,-,4569269.0,2398109.0,2171160.0,30071.41,1299603,9.89,1.43,0.60,3.31%,8.91%,14.98%,-,BVS,2022-06-30 00:00:00,16.23,BVS
Q1 2022,206538,48368,794.00,-,5960543.0,3763417.0,2197126.0,30431.05,2649745,12.97,2.57,1.21,7.10%,18.44%,10.10%,-,BVS,2022-03-31 00:00:00,33.09,BVS
Q4 2021,313394,97817,325.59,800.000,5719297.0,3574846.0,2144452.0,29701.49,2895226,13.18,2.82,1.35,2.61%,6.33%,9.77%,2.21%,BVS,2021-12-31 00:00:00,36.16,BVS
Q3 2021,195977,32812,504.00,-,5297824.0,3199227.0,2098597.0,29066.38,2324845,11.65,2.54,1.11,8.48%,17.76%,10.00%,-,BVS,2021-09-30 00:00:00,28.34,BVS
Q2 2021,316714,88562,859.95,-,4757713.0,2711571.0,2046142.0,28339.86,2173224,10.87,2.65,1.06,7.27%,13.36%,10.72%,-,BVS,2021-06-30 00:00:00,26.49,BVS
Q1 2021,199636,63754,590.00,-,3601031.0,1658227.0,1942804.0,26908.59,1617283,8.70,2.46,0.83,6.45%,10.11%,13.53%,-,BVS,2021-03-31 00:00:00,19.71,BVS
Q4 2020,203080,47415,162.93,800.000,3412993.0,1538249.0,1874744.0,25965.93,1321263,13.30,2.48,0.70,5.60%,7.12%,10.02%,4.97%,BVS,2020-12-31 00:00:00,16.1,BVS
Q3 2020,100669,33194,331.00,-,2470845.0,592400.0,1878445.0,26017.19,880842,8.34,1.82,0.47,13.25%,16.50%,13.88%,-,BVS,2020-09-30 00:00:00,9.88,BVS
Q2 2020,154278,74476,845.86,-,2273134.0,423749.0,1849384.0,25614.69,700341,6.53,1.40,0.38,-3.93%,-5.09%,17.70%,-,BVS,2020-06-30 00:00:00,7.86,BVS
Q1 2020,74053,-22704,52.00,-,2222417,459913,1762504,24411.36,570381,-,1.19,0.32,Upgrade,Upgrade,14.63%,-,BVS,2020-03-31 00:00:00,6.4,BVS
Q4 2019,,,,,,,,,,,,,,,,,BVS,2019-12-31 00:00:00,8.1,BVS
Q3 2024,2104597,92930,758.19,-,5812435,3919108,1893327,15442.97,3236672,12.01,0.44,1.71,6.66%,14.39%,8.33%,-,TNG,2024-09-30 00:00:00,25.55,TNG
Q2 2024,1763436,64934,529.50,400.000,5894421,4088874,1805547,14726.56,2804403,11.40,0.38,1.55,7.05%,14.19%,8.77%,5.10%,TNG,2024-06-30 00:00:00,22.95,TNG
Q1 2024,1763436,64934,529.50,400.000,5894421,4088874,1805547,14726.56,2520211,10.68,0.34,1.40,6.62%,10.66%,9.37%,5.82%,TNG,2024-03-31 00:00:00,19.6,TNG
Q4 2023,1656693,46712,380.67,-,5230414,3375514,1854901,14046.66,2131007,9.92,0.30,1.15,6.89%,16.08%,10.08%,-,TNG,2023-12-31 00:00:00,17.3,TNG
Q3 2023,2104666,69492,566.67,370.370,5389800,3603496,1786304,13853.65,2304517,10.35,0.33,1.29,5.39%,13.22%,9.96%,4.30%,TNG,2023-09-30 00:00:00,17.22,TNG
Q2 2023,1995154,54923,447.53,370.370,5639349,3968247,1671102,13427.42,2156937,8.32,0.31,1.29,4.46%,10.57%,12.34%,4.43%,TNG,2023-06-30 00:00:00,16.12,TNG
Q1 2023,1334729,43642,355.80,-,5625540,3973117,1652423,13289.25,1797514,6.17,0.26,1.09,6.45%,14.41%,16.59%,-,TNG,2023-03-31 00:00:00,13.43,TNG
Q4 2022,1510001,61530,510.75,-,5291844,3641016,1650828,13280.06,1398066,4.89,0.21,0.85,8.13%,26.35%,20.95%,-,TNG,2022-12-31 00:00:00,10.16,TNG
Q3 2022,2020565,106172,865.91,342.935,5059757,3288510,1771247,14445.78,2039284,8.71,0.31,1.15,9.46%,23.91%,14.46%,6.94%,TNG,2022-09-30 00:00:00,14.46,TNG
Q2 2022,1981934,86868,744.17,342.935,5284416,3831767,1452649,12440.17,3083532,14.46,0.49,2.12,3.51%,10.53%,8.89%,2.88%,TNG,2022-06-30 00:00:00,22.95,TNG
Q1 2022,1259846,38372,328.65,-,4649800,3196256,1453544,12447.52,3587443,19.14,0.62,2.47,6.64%,18.19%,6.92%,-,TNG,2022-03-31 00:00:00,26.37,TNG
Q4 2021,1363109,63504,27.58,317.533,4367375,2905124,1462251,12522.09,3040520,17.77,0.56,2.08,7.31%,27.10%,7.63%,2.88%,TNG,2021-12-31 00:00:00,22.07,TNG
Q3 2021,1709682,85243,787.95,-,4185159,2854411,1330748,12297.92,2336477,12.20,0.46,1.76,-,-,8.20%,-,TNG,2021-09-30 00:00:00,18.3,TNG
Q2 2021,1459968,61025,606.40,317.533,4503616,3317538,1186078,11781.76,1821396,10.64,0.36,1.54,-,-,9.40%,2.23%,TNG,2021-06-30 00:00:00,14.27,TNG
Q1 2021,910848,22090,219.77,-,-,-,-,-,1797535,12.63,0.39,-,3.88%,8.06%,7.92%,-,TNG,2021-03-31 00:00:00,14.08,TNG
Q4 2020,954932,23177,230.06,-,3553120,2406503,1146617,11389.78,1154338,7.50,0.26,1.01,7.11%,23.57%,13.33%,-,TNG,2020-12-31 00:00:00,9.53,TNG
Q3 2020,1689969,64971,645.36,-,3836621,2683571,1153049,11453.67,969348,5.18,0.21,0.84,5.52%,12.26%,19.32%,-,TNG,2020-09-30 00:00:00,7.75,TNG
Q2 2020,1066502,32111,334.85,-,3891012,2839330,1051682,10975.94,795580,3.91,0.18,0.76,4.89%,12.73%,25.57%,-,TNG,2020-06-30 00:00:00,6.69,TNG
Q1 2020,773216,33590,350.50,-,3425107,2380965,1044142,10895.12,502128,2.21,0.11,0.48,Upgrade,Upgrade,45.22%,-,TNG,2020-03-31 00:00:00,4.22,TNG
Q4 2019,,,,,,,,,,,,,,,,,TNG,2019-12-31 00:00:00,7.76,TNG
Q3 2024,812257,32679,289.56,-,2307541,862126,1445415,12807.56,2595697,13.59,0.76,1.80,7.63%,18.65%,7.97%,-,LAS,2024-09-30 00:00:00,23.0,LAS
Q2 2024,605005,67306,447.29,-,2333479,920743,1412736,12518.00,2539269,13.58,0.74,1.80,6.93%,14.50%,7.99%,-,LAS,2024-06-30 00:00:00,21.61,LAS
Q1 2024,1444299,52481,465.03,-,2207926,733735,1474191,13062.54,2347413,15.44,0.64,1.59,6.70%,15.61%,7.15%,-,LAS,2024-03-31 00:00:00,19.98,LAS
Q4 2023,549251,54322,307.37,1000.000,2360490,938780,1421709,12597.51,1579990,11.90,0.46,1.11,4.68%,8.51%,9.40%,7.44%,LAS,2023-12-31 00:00:00,13.45,LAS
Q3 2023,810516,28672,254.06,-,1996633,634374,1362259,12070.73,1444562,12.97,0.40,1.06,5.10%,9.54%,8.35%,-,LAS,2023-09-30 00:00:00,12.29,LAS
Q2 2023,867669,32332,258.00,-,2048157,714519,1333638,11817.12,1252706,13.57,0.37,0.94,5.85%,9.74%,8.11%,-,LAS,2023-06-30 00:00:00,10.18,LAS
Q1 2023,1212855,33212,294.28,-,1973262,594911,1378352,12213.32,925422,10.64,0.28,0.67,4.97%,7.89%,10.39%,-,LAS,2023-03-31 00:00:00,7.52,LAS
Q4 2022,729567,26371,138.70,-,2285373,935054,1350319,11964.93,846423,10.02,0.27,0.63,1.07%,2.92%,11.07%,-,LAS,2022-12-31 00:00:00,6.88,LAS
Q3 2022,598716,9626,85.30,-,1939107,615057,1324050,11732.17,1331706,18.90,0.41,1.01,4.11%,8.06%,5.69%,-,LAS,2022-09-30 00:00:00,10.83,LAS
Q2 2022,772968,26969,238.96,-,2039285,725534,1313751,11640.91,1478419,22.13,0.49,1.13,4.35%,9.12%,4.88%,-,LAS,2022-06-30 00:00:00,11.5,LAS
Q1 2022,1054455,30742,272.40,-,2160315,797130,1363185,12078.94,2245842,32.97,0.72,1.65,1.47%,2.56%,3.27%,-,LAS,2022-03-31 00:00:00,17.46,LAS
Q4 2021,843727,8486,25.47,600.000,2295102,962628,1332474,11806.81,2381270,38.62,0.85,1.79,0.30%,1.82%,2.81%,3.24%,LAS,2021-12-31 00:00:00,18.52,LAS
Q3 2021,354334,5972,52.92,-,1978750,663615,1315135,11653.17,2110415,23.29,0.79,1.60,4.98%,8.73%,4.37%,-,LAS,2021-09-30 00:00:00,16.41,LAS
Q2 2021,846378,28289,230.16,-,2029026,719836,1309190,11600.49,1602561,17.65,0.59,1.22,4.50%,7.65%,5.76%,-,LAS,2021-06-30 00:00:00,12.46,LAS
Q1 2021,756607,24277,215.11,-,1806184,523881,1282303,11362.25,1230135,26.35,0.49,0.96,6.40%,10.78%,3.93%,-,LAS,2021-03-31 00:00:00,9.57,LAS
Q4 2020,727964,33687,261.98,-,1781437,514261,1267176,11228.22,914137,33.32,0.40,0.72,1.31%,1.99%,3.18%,-,LAS,2020-12-31 00:00:00,7.11,LAS
Q3 2020,402979,6117,54.20,-,1733634,500118,1233516,10929.96,688424,-42.31,0.29,0.56,-0.06%,-5.12%,-2.34%,-,LAS,2020-09-30 00:00:00,5.35,LAS
Q2 2020,638193,-15796,-139.95,-,2115704,890467,1225237,10856.60,665853,-,0.27,0.54,2.05%,1.62%,-3.09%,-,LAS,2020-06-30 00:00:00,5.18,LAS
Q1 2020,524457,5021,44.49,-,2593019,1350496,1242523,11009.77,564282,173.51,0.20,0.45,Upgrade,Upgrade,0.61%,-,LAS,2020-03-31 00:00:00,4.39,LAS
Q4 2019,,,,,,,,,,,,,,,,,LAS,2019-12-31 00:00:00,6.06,LAS
Q3 2024,1467907,6597,82.00,-,4151706,2918057,1233649,15268.39,2003780,55.05,0.29,1.62,2.31%,0.31%,2.17%,-,PLC,2024-09-30 00:00:00,24.8,PLC
Q2 2024,1741244,977.94,11.90,-,3937117,2711176,1225941,15172.99,2141135,46.22,0.29,1.75,2.40%,4.64%,2.50%,-,PLC,2024-06-30 00:00:00,26.5,PLC
Q1 2024,1598537,15318,190.00,-,4202395,2873888,1328507,16442.42,2779436,36.17,0.37,2.09,2.58%,6.34%,3.02%,-,PLC,2024-03-31 00:00:00,33.07,PLC
Q4 2023,2186773,20649,167.40,1200.000,4239387,2925911,1313476,16256.38,2504725,26.43,0.31,1.91,2.84%,5.16%,4.07%,4.03%,PLC,2023-12-31 00:00:00,29.8,PLC
Q3 2023,1924135,16526,205.00,-,4381767,3089303,1292463,15996.32,2730958,39.93,0.33,2.11,3.90%,9.95%,3.21%,-,PLC,2023-09-30 00:00:00,32.49,PLC
Q2 2023,1881339,31496,390.00,-,4281112,3010962,1270151,15720.16,3029909,41.11,0.37,2.39,3.33%,10.68%,3.07%,-,PLC,2023-06-30 00:00:00,36.05,PLC
Q1 2023,1968407,33248,411.00,-,4392173,3130482,1261691,15615.46,2690559,29.82,0.32,2.13,5.89%,2.03%,4.07%,-,PLC,2023-03-31 00:00:00,32.01,PLC
Q4 2022,2606897,6473,-159.63,1200.000,4621257,3392612,1228645,15206.47,1817945,-,0.21,1.48,2.98%,6.70%,6.43%,5.55%,PLC,2022-12-31 00:00:00,21.63,PLC
Q3 2022,1787198,21842,270.00,-,5051881,3733007,1318875,16323.20,2238093,23.62,0.28,1.70,4.91%,14.22%,6.16%,-,PLC,2022-09-30 00:00:00,25.15,PLC
Q2 2022,2113278,48024,594.18,-,5162449,3873762,1288687,15949.58,1955301,20.69,0.26,1.52,3.20%,11.66%,7.04%,-,PLC,2022-06-30 00:00:00,21.97,PLC
Q1 2022,2093610,40618,503.00,-,5017006,3603286,1413721,17506.97,3894443,31.23,0.53,2.75,1.48%,8.07%,4.31%,-,PLC,2022-03-31 00:00:00,41.82,PLC
Q4 2021,1998243,27438,-193.79,1500.000,4827917,3454420,1373497,16999.24,3345019,-,0.49,2.44,0.35%,6.46%,5.22%,4.18%,PLC,2021-12-31 00:00:00,35.92,PLC
Q3 2021,1430704,21567,267.00,-,5341607,3995515,1346092,16665.03,3199584,20.66,0.49,2.38,5.55%,23.81%,5.34%,-,PLC,2021-09-30 00:00:00,34.36,PLC
Q2 2021,1787327,78238,869.00,-,4949053,3623499,1325553,16405.86,2133056,12.11,0.33,1.61,3.62%,14.76%,9.01%,-,PLC,2021-06-30 00:00:00,22.91,PLC
Q1 2021,1652100,47232,585.00,-,4303956,3000559,1303396,16131.63,2254252,14.53,0.38,1.73,1.72%,7.45%,7.60%,-,PLC,2021-03-31 00:00:00,23.75,PLC
Q4 2020,1694227,23942,97.39,500.000,4702059,3445571,1256488,15551.06,2343129,17.78,0.42,1.86,3.10%,12.64%,6.31%,6.08%,PLC,2020-12-31 00:00:00,24.69,PLC
Q3 2020,1345426,42877,531.00,1000.000,4849598,3535963,1313635,16258.34,1834105,12.53,0.32,1.40,2.91%,16.66%,8.49%,13.44%,PLC,2020-09-30 00:00:00,19.32,PLC
Q2 2020,1187652,57173,708.00,-,5135919,3734911,1401008,17339.73,1203884,9.28,0.22,0.86,3.52%,7.16%,11.55%,-,PLC,2020-06-30 00:00:00,11.56,PLC
Q1 2020,1381129,23849,295.00,-,4911266,3567285,1343981,16624.04,888773,7.97,0.15,0.66,Upgrade,Upgrade,13.60%,-,PLC,2020-03-31 00:00:00,8.53,PLC
Q4 2019,,,,,,,,,,,,,,,,,PLC,2019-12-31 00:00:00,8.76,PLC
Q3 2024,241818,102269,10444.20,-,1572644,252768,1319877,134792.08,1644068,3.19,1.13,1.25,10.18%,23.59%,31.39%,-,SLS,2024-09-30 00:00:00,184.56,SLS
Q2 2024,187919,69832,7131.59,-,1437586,218713,1218873,124477.07,1409061,2.69,0.87,1.16,21.60%,40.97%,37.11%,-,SLS,2024-06-30 00:00:00,173.16,SLS
Q1 2024,430517,119299,12183.41,-,1443379,294311,1149068,117348.32,2007349,3.58,1.11,1.75,41.81%,84.10%,27.96%,-,SLS,2024-03-31 00:00:00,151.9,SLS
Q4 2023,589685,224635,22941.00,15000.000,1341954,161305,1180648,120573.41,1658755,3.17,0.97,1.40,20.89%,48.40%,31.54%,10.64%,SLS,2023-12-31 00:00:00,130.19,SLS
Q3 2023,411439,109199,11151.97,-,1313341,357263,956078,97639.24,1471729,4.11,1.09,1.54,23.18%,54.37%,24.51%,-,SLS,2023-09-30 00:00:00,170.63,SLS
Q2 2023,373395,108044,11033.98,-,1136051,287236,848815,86685.06,1202451,3.92,0.96,1.42,17.12%,43.30%,25.70%,-,SLS,2023-06-30 00:00:00,141.0,SLS
Q1 2023,341420,81236,8296.26,-,1228781,487879,740902,75664.41,1439416,6.18,1.35,1.94,12.16%,34.19%,16.36%,-,SLS,2023-03-31 00:00:00,125.1,SLS
Q4 2022,218391,62291,6106.15,10000.000,1379570,619492,760078,77622.75,1233785,6.66,1.42,1.62,12.46%,34.35%,15.21%,10.24%,SLS,2022-12-31 00:00:00,102.21,SLS
Q3 2022,321926,57434,5865.40,-,1289859,592441,697418,71223.66,1510897,7.67,1.71,2.17,8.33%,20.80%,13.33%,-,SLS,2022-09-30 00:00:00,113.9,SLS
Q2 2022,182224,34460,3519.21,-,1113099,472746,640353,65395.89,1532439,8.23,1.79,2.39,8.86%,19.94%,12.44%,-,SLS,2022-06-30 00:00:00,97.63,SLS
Q1 2022,146434,33455,3416.53,-,1115227,429911,685317,69987.78,1688131,9.47,2.01,2.46,16.03%,49.15%,10.82%,-,SLS,2022-03-31 00:00:00,119.55,SLS
Q4 2021,232726,76037,7305.65,8000.000,1192888,536105,656783,67073.82,1240639,7.79,1.55,1.89,11.77%,33.47%,13.20%,8.54%,SLS,2021-12-31 00:00:00,121.26,SLS
Q3 2021,295625,46654,4764.55,-,1241196,660355,580841,59318.24,1223993,8.68,1.45,2.11,8.05%,19.08%,11.91%,-,SLS,2021-09-30 00:00:00,127.47,SLS
Q2 2021,164093,26534,2710.00,-,1008492,474071,534421,54577.57,703062,5.84,0.84,1.32,4.46%,10.15%,17.78%,-,SLS,2021-06-30 00:00:00,93.68,SLS
Q1 2021,108692,14584,1489.43,-,1034687,456624,578062,59034.49,753001,6.51,0.75,1.30,13.61%,42.75%,15.98%,-,SLS,2021-03-31 00:00:00,92.43,SLS
Q4 2020,277519,57953,5438.48,7000.000,1127709,556501,571209,58334.54,487639,4.25,0.47,0.85,6.32%,20.74%,24.47%,20.89%,SLS,2020-12-31 00:00:00,53.09,SLS
Q3 2020,287421,25938,2648.95,-,1208783,695528,513255,52416.07,401470,5.03,0.37,0.78,Upgrade,Upgrade,20.68%,-,SLS,2020-09-30 00:00:00,51.76,SLS
Q2 2020,,,,,,,,,,,,,,,,,SLS,2020-06-30 00:00:00,33.32,SLS
Q1 2020,,,,,,,,,,,,,,,,,SLS,2020-03-31 00:00:00,27.6,SLS
Q4 2019,,,,,,,,,,,,,,,,,SLS,2019-12-31 00:00:00,28.54,SLS
Q3 2024,420522,38689,1727.00,-,972086,514728,457359,20419.27,1971057,10.55,1.15,4.31,16.82%,39.90%,9.48%,-,NET,2024-09-30 00:00:00,88.0,NET
Q2 2024,389416,50414,2251.00,-,938624,407962,530662,23691.98,2237598,11.24,1.32,4.22,15.71%,40.20%,8.90%,-,NET,2024-06-30 00:00:00,94.72,NET
Q1 2024,363774,45954,2051.64,-,900498,420250,480248,21441.20,1892663,9.11,1.07,3.94,14.96%,46.28%,10.98%,-,NET,2024-03-31 00:00:00,80.11,NET
Q4 2023,541840,51791,2312.00,-,893814,459520,434294,19389.55,1437976,8.06,0.79,3.31,15.17%,46.78%,12.41%,-,NET,2023-12-31 00:00:00,60.87,NET
Q3 2023,403529,50920,2273.00,-,975977,515079,460898,20577.29,1384220,9.17,0.82,3.00,19.67%,62.12%,10.90%,-,NET,2023-09-30 00:00:00,55.22,NET
Q2 2023,461305,59084,2638.00,-,914366,504388,409978,18303.90,920573,7.80,0.55,2.25,5.47%,19.43%,12.81%,-,NET,2023-06-30 00:00:00,36.72,NET
Q1 2023,402978,16639,742.87,-,733397,382504,350893,15666.01,1030325,12.48,0.65,2.94,9.22%,30.14%,8.02%,-,NET,2023-03-31 00:00:00,41.1,NET
Q4 2022,412818,24275,1084.00,3500.000,758947,424693,334254,14923.14,949691,10.77,0.62,2.84,7.46%,20.14%,9.28%,9.24%,NET,2022-12-31 00:00:00,37.88,NET
Q3 2022,389424,17971,802.00,-,674773,364794,309979,13839.35,1075122,11.53,0.68,3.47,9.83%,24.18%,8.67%,-,NET,2022-09-30 00:00:00,42.89,NET
Q2 2022,376076,23701,1058.00,-,674073,270072,404000,18037.03,1097520,11.96,0.75,2.72,9.34%,24.06%,8.36%,-,NET,2022-06-30 00:00:00,39.8,NET
Q1 2022,351592,22208,991.52,-,637101,256802,380299,16978.87,1276707,12.39,0.88,3.36,10.92%,28.59%,8.07%,-,NET,2022-03-31 00:00:00,46.3,NET
Q4 2021,471285,29344,1310.00,5000.000,704510,346419,358091,15987.36,1243110,10.97,0.84,3.47,6.24%,14.52%,9.12%,11.09%,NET,2021-12-31 00:00:00,45.08,NET
Q3 2021,268397,16511,737.00,-,708719,245582,463137,20677.25,1433496,12.83,1.05,3.10,13.29%,32.30%,7.93%,-,NET,2021-09-30 00:00:00,51.99,NET
Q2 2021,358166,34975,1561.00,-,714595,267969,446625,19940.08,1478293,11.84,1.00,3.31,12.98%,32.26%,8.58%,-,NET,2021-06-30 00:00:00,49.17,NET
Q1 2021,381796,32533,1452.47,-,705838,286182,419655,18735.98,1364061,10.51,0.91,3.25,11.53%,31.94%,9.81%,-,NET,2021-03-31 00:00:00,45.37,NET
Q4 2020,363335,29722,1237.65,6000.000,695641,308518,387123,17283.51,1343902,10.72,0.91,3.47,12.15%,32.28%,9.93%,13.42%,NET,2020-12-31 00:00:00,44.7,NET
Q3 2020,380554,29634,1234.00,-,694326,336925,357401,15956.55,1287907,11.02,0.88,3.60,16.52%,46.64%,10.19%,-,NET,2020-09-30 00:00:00,42.84,NET
Q2 2020,369454,41892,1821.06,-,679175,302132,377043,16833.49,1075122,10.14,0.80,2.85,15.30%,39.54%,11.19%,-,NET,2020-06-30 00:00:00,34.4,NET
Q1 2020,356771,32163,1323.64,-,641829,300377,341452,15244.52,772744,9.04,0.61,2.26,Upgrade,Upgrade,12.66%,-,NET,2020-03-31 00:00:00,24.62,NET
Q4 2019,,,,,,,,,,,,,,,,,NET,2019-12-31 00:00:00,32.83,NET
Q3 2024,1773404,41851,688.75,-,2334096,1249521,1084575,19388.44,2186946,24.20,0.28,2.02,2.02%,5.19%,4.29%,-,VGS,2024-09-30 00:00:00,39.1,VGS
Q2 2024,1887528,13076,233.81,-,2349963,1342452,1007511,18010.46,1891073,31.07,0.25,1.88,1.98%,5.26%,3.22%,-,VGS,2024-06-30 00:00:00,33.81,VGS
Q1 2024,1887528,13076,233.81,-,2349963,1342452,1007511,18010.46,1422300,24.72,0.19,1.41,3.81%,10.60%,4.05%,-,VGS,2024-03-31 00:00:00,25.43,VGS
Q4 2023,2139107,25709,460.54,-,2447293,1465938,981355,17542.90,1230529,21.92,0.17,1.25,2.60%,3.77%,4.56%,-,VGS,2023-12-31 00:00:00,22.0,VGS
Q3 2023,1716829,8998,119.05,-,2230184,1271240,958944,17141.71,1049412,29.62,0.15,1.09,-,-,3.38%,-,VGS,2023-09-30 00:00:00,18.76,VGS
Q2 2023,1577672,9761,174.89,-,2085615,1135652,949963,16981.04,852331,13.44,0.12,0.90,-,-,7.44%,-,VGS,2023-06-30 00:00:00,15.24,VGS
Q1 2023,1849879,11680,208.66,-,-,-,-,-,610192,6.61,0.08,-,1.15%,2.19%,15.13%,-,VGS,2023-03-31 00:00:00,10.91,VGS
Q3 2022,1938179,4989,102.16,-,2174161,1258683,915478,16364.60,799061,7.12,0.11,0.87,-,16.98%,14.05%,-,VGS,2022-09-30 00:00:00,14.29,VGS
Q2 2022,1688167,37002,661.77,-,2529327,1618838,910489,16275.27,724319,5.04,0.11,0.80,-,18.57%,19.84%,-,VGS,2022-06-30 00:00:00,12.95,VGS
Q1 2022,2097287,38664,691.13,-,-,-,833032,14890.75,1478117,10.78,0.21,1.77,-,-,9.28%,-,VGS,2022-03-31 00:00:00,26.43,VGS
Q4 2021,1810987,31599,564.65,-,2080348,1247316,833032,14890.75,1840276,14.28,0.27,2.21,-,-,7.00%,-,VGS,2021-12-31 00:00:00,32.9,VGS
Q3 2021,1256438,36444,748.92,-,-,-,-,-,1351782,8.67,0.20,-,-,-,11.54%,-,VGS,2021-09-30 00:00:00,24.17,VGS
Q2 2021,1961909,30442,544.33,-,-,-,-,-,800120,5.62,0.11,-,-,-,17.78%,-,VGS,2021-06-30 00:00:00,14.31,VGS
Q1 2021,1808081,30380,543.20,-,-,-,-,-,821176,6.70,0.12,-,9.46%,32.08%,14.94%,-,VGS,2021-03-31 00:00:00,13.95,VGS
Q4 2020,1839155,58729,881.61,752.870,1705099,948008,757091,13533.57,539028,5.24,0.08,0.71,4.79%,13.06%,19.08%,8.22%,VGS,2020-12-31 00:00:00,9.16,VGS
Q3 2020,1527258,22735,406.55,-,1887242,1179465,707777,12652.04,324259,4.07,0.05,0.46,2.99%,6.23%,24.57%,-,VGS,2020-09-30 00:00:00,5.51,VGS
Q2 2020,1459659,10807,193.49,-,1666855,981821,685034,12245.58,290570,4.26,0.04,0.42,3.20%,6.07%,23.48%,-,VGS,2020-06-30 00:00:00,4.94,VGS
Q1 2020,1843648,10590,188.97,-,1861504,1157800,703704,12579.39,265303,3.51,0.04,0.38,7.51%,20.91%,28.47%,-,VGS,2020-03-31 00:00:00,4.12,VGS
Q4 2022,,,,,,,,,,,,,,,,,VGS,2022-12-31 00:00:00,9.18,VGS
Q4 2019,,,,,,,,,,,,,,,,,VGS,2019-12-31 00:00:00,4.51,VGS
Q3 2024,1211021,92033,2414.53,-,4836062,4146818,689245,14514.61,1395065,10.10,0.31,2.02,-,9.96%,9.90%,-,L18,2024-09-30 00:00:00,36.6,L18
Q2 2024,1188331,10915,286.35,-,4991116,4373727,617390,13076.12,1475110,26.72,0.36,2.39,-,9.10%,3.74%,-,L18,2024-06-30 00:00:00,37.69,L18
Q1 2024,1077925,10459,-,-,-,-,602749,12623.06,1829593,34.68,0.47,3.04,2.07%,20.14%,2.88%,-,L18,2024-03-31 00:00:00,46.75,L18
Q4 2023,1089324,24696,647.90,-,5520302,4917552,602749,12623.06,1578024,36.83,0.51,2.62,1.88%,9.53%,2.72%,-,L18,2023-12-31 00:00:00,40.32,L18
Q3 2023,725538,9143,239.88,-,4011665,3438500,573165,11975.52,1334078,41.25,0.47,2.33,1.87%,9.55%,2.42%,-,L18,2023-09-30 00:00:00,34.09,L18
Q2 2023,966030,8462,222.01,-,3879273,3319598,559675,11735.64,1299774,44.57,0.51,2.32,0.89%,0.97%,2.24%,-,L18,2023-06-30 00:00:00,33.21,L18
Q1 2023,302578,544.35,14.28,-,3705234,3122310,582923,12283.09,968160,33.83,0.45,1.66,1.00%,11.90%,2.96%,-,L18,2023-03-31 00:00:00,24.74,L18
Q4 2022,819430,14194,-,700.000,3547024,2928029,618995,-,705156,23.02,0.32,1.14,1.10%,6.26%,4.34%,4.18%,L18,2022-12-31 00:00:00,16.76,L18
Q3 2022,476325,5959,-,-,3120997,2520345,600653,-,1269280,36.53,0.43,2.11,-,-,2.74%,-,L18,2022-09-30 00:00:00,30.18,L18
Q2 2022,561861,7921,207.82,-,3092975,2501648,591327,12535.10,1048205,30.01,0.36,1.77,-,3.13%,3.33%,-,L18,2022-06-30 00:00:00,24.92,L18
Q1 2022,354580,2559,-,-,-,-,590308,-,2195512,64.05,0.80,3.72,-,-,1.56%,-,L18,2022-03-31 00:00:00,52.19,L18
Q4 2021,1564920,18305,-,-,3148815,2558507,590308,-,2191700,59.29,0.77,3.71,-,-,1.69%,-,L18,2021-12-31 00:00:00,52.1,L18
Q3 2021,400916,6147,-,-,-,-,-,-,1234976,65.96,0.81,-,-,-,1.52%,-,L18,2021-09-30 00:00:00,29.36,L18
Q2 2021,433869,7266,-,-,-,-,-,-,655604,56.11,0.34,-,-,-,1.78%,-,L18,2021-06-30 00:00:00,15.59,L18
Q1 2021,447086,5246,-,-,-,-,-,-,491703,40.39,0.21,-,0.16%,0.32%,2.48%,-,L18,2021-03-31 00:00:00,11.69,L18
Q1 2020,241260,63.37,2.76,-,2204502,1820907,383595,12820.60,239075,34.17,0.12,0.62,-0.64%,3.18%,2.93%,-,L18,2020-03-31 00:00:00,8.34,L18
Q4 2020,,,,,,,,,,,,,,,,,L18,2020-12-31 00:00:00,7.8,L18
Q3 2020,,,,,,,,,,,,,,,,,L18,2020-09-30 00:00:00,7.63,L18
Q2 2020,,,,,,,,,,,,,,,,,L18,2020-06-30 00:00:00,6.42,L18
Q4 2019,,,,,,,,,,,,,,,,,L18,2019-12-31 00:00:00,7.3,L18
Q3 2024,105700,35698,1660.54,-,607777,88896,518881,24134.06,1335146,9.82,3.26,2.57,12.43%,23.65%,10.19%,-,DP3,2024-09-30 00:00:00,62.1,DP3
Q2 2024,102431,27733,1290.00,-,598178,150694,447484,20813.28,1350196,11.33,3.42,3.02,11.45%,18.39%,8.83%,-,DP3,2024-06-30 00:00:00,62.8,DP3
Q1 2024,103654,22042,1025.00,-,566864,76350,490514,22814.67,1507145,12.25,3.83,3.07,24.89%,45.61%,8.17%,-,DP3,2024-03-31 00:00:00,70.1,DP3
Q4 2023,97995,50537,2233.00,3000.000,570613,102151,468462,21789.02,1408246,11.24,3.44,3.01,10.40%,18.47%,8.89%,4.78%,DP3,2023-12-31 00:00:00,62.79,DP3
Q3 2023,91117,18867,878.00,-,544747,126821,417925,19438.44,1326546,11.49,3.03,3.17,13.53%,30.08%,8.70%,-,DP3,2023-09-30 00:00:00,59.15,DP3
Q2 2023,100911,31614,1470.40,-,581429,182371,399058,18560.85,1298600,11.50,2.86,3.25,12.99%,22.57%,8.69%,-,DP3,2023-06-30 00:00:00,57.9,DP3
Q1 2023,119699,24235,1070.80,-,546386,104701,441685,19515.30,817000,7.37,1.71,1.85,23.36%,41.05%,13.57%,-,DP3,2023-03-31 00:00:00,36.43,DP3
Q4 2022,125520,40746,1800.40,-,507868,90418,417450,19416.28,808400,7.43,1.67,1.94,10.29%,17.68%,13.46%,-,DP3,2022-12-31 00:00:00,33.25,DP3
Q3 2022,108225,16290,757.60,-,485133,108429,376704,17521.12,774000,7.84,1.66,2.05,-,-,12.76%,-,DP3,2022-09-30 00:00:00,31.84,DP3
Q2 2022,124626,29632,1378.40,-,499969,139555,360415,16763.47,774000,8.08,1.76,2.15,-,-,12.38%,-,DP3,2022-06-30 00:00:00,31.84,DP3
Q1 2022,126703,22157,979.20,-,-,-,-,-,926220,9.52,2.26,-,-,-,10.50%,-,DP3,2022-03-31 00:00:00,38.1,DP3
Q4 2021,107179,30693,1356.00,2400.000,445504,79254,366250,17034.87,971800,10.45,2.55,2.65,-,-,9.57%,6.33%,DP3,2021-12-31 00:00:00,37.91,DP3
Q3 2021,80925,13358,621.20,-,-,-,-,-,1001900,9.97,2.64,-,19.81%,36.25%,10.03%,-,DP3,2021-09-30 00:00:00,39.08,DP3
Q2 2021,95422,31049,1444.00,-,411682,90807,320875,14924.42,1014800,9.52,2.63,3.16,12.42%,20.13%,10.50%,-,DP3,2021-06-30 00:00:00,39.59,DP3
Q1 2021,97673,17881,790.00,-,451540,87211,364329,16945.56,1109400,9.95,2.89,3.05,22.37%,46.71%,10.05%,-,DP3,2021-03-31 00:00:00,43.28,DP3
Q4 2020,105482,38220,1688.80,3200.000,441420,94983,346436,15307.66,746480,6.41,1.88,2.15,14.15%,25.96%,15.60%,11.64%,DP3,2020-12-31 00:00:00,27.5,DP3
Q3 2020,87476,19453,859.60,-,465778,157562,308216,13619.94,660480,7.97,1.69,2.14,25.15%,46.76%,12.54%,-,DP3,2020-09-30 00:00:00,24.33,DP3
Q2 2020,93190,35983,1590.00,-,438429,147281,291148,12865.16,580500,6.80,1.40,1.99,18.37%,29.13%,14.70%,-,DP3,2020-06-30 00:00:00,21.38,DP3
Q1 2020,111413,22799,1008.40,-,399323,74852,324471,14351.21,541800,6.40,1.30,1.67,Upgrade,Upgrade,15.63%,-,DP3,2020-03-31 00:00:00,18.28,DP3
Q4 2019,,,,,,,,,,,,,,,,,DP3,2019-12-31 00:00:00,21.47,DP3
Q3 2024,27538,30156,731.30,1304.348,1854743,1011754,842989,20396.44,1181768,7.66,9.14,1.40,2.82%,16.19%,14.00%,6.49%,IDV,2024-09-30 00:00:00,31.24,IDV
Q2 2024,39018,32819,795.77,-,1847092,1034773,812319,19669.62,1172423,7.69,7.98,1.44,2.77%,15.78%,13.95%,-,IDV,2024-06-30 00:00:00,31.74,IDV
Q1 2024,38153,31697,767.49,-,1903570,1092875,810694,19629.31,1014076,6.75,6.42,1.25,0.87%,37.20%,15.91%,-,IDV,2024-03-31 00:00:00,31.49,IDV
Q4 2023,24531,70723,1447.65,756.144,1815890,1021438,794452,19234.59,950318,6.47,5.16,1.20,2.98%,15.92%,16.61%,4.47%,IDV,2023-12-31 00:00:00,26.63,IDV
Q3 2023,45286,28291,707.75,378.072,1745626,1019875,725752,18094.90,1018762,8.72,5.17,1.40,3.46%,17.95%,12.34%,2.55%,IDV,2023-09-30 00:00:00,25.36,IDV
Q2 2023,50005,30633,449.38,-,1701180,1003731,697449,17387.21,731824,6.34,4.24,1.05,3.58%,17.04%,16.98%,-,IDV,2023-06-30 00:00:00,27.19,IDV
Q1 2023,64523,28193,1795.80,-,1593156,926325,666830,16621.45,640569,5.99,4.45,0.96,3.23%,24.20%,18.08%,-,IDV,2023-03-31 00:00:00,19.53,IDV
Q4 2022,37131,38577,741.34,315.060,1582775,931351,651424,16235.45,829230,6.29,7.41,1.27,1.41%,17.64%,16.96%,1.45%,IDV,2022-12-31 00:00:00,17.09,IDV
Q3 2022,20865,26886,670.45,-,1520287,898390,621897,15496.36,941119,6.21,7.46,1.51,1.76%,15.16%,17.28%,-,IDV,2022-09-30 00:00:00,21.78,IDV
Q2 2022,21585,22156,415.80,-,1477949,882862,595087,14825.48,1384257,8.02,10.94,2.33,2.85%,37.67%,13.27%,-,IDV,2022-06-30 00:00:00,24.72,IDV
Q1 2022,32309,52978,1971.68,-,1462098,889344,572754,14266.89,1248610,7.20,9.78,2.18,6.38%,46.03%,14.78%,-,IDV,2022-03-31 00:00:00,36.36,IDV
Q4 2021,51342,60607,1236.02,787.650,1408768,857467,551301,13729.77,1082722,7.49,8.95,1.96,1.71%,40.14%,14.39%,2.84%,IDV,2021-12-31 00:00:00,32.79,IDV
Q3 2021,21244,47999,1229.19,-,1344321,842548,501773,12819.97,995107,7.08,9.51,1.98,-,21.01%,15.29%,-,IDV,2021-09-30 00:00:00,27.99,IDV
Q2 2021,22719,23016,618.70,-,1279726,825904,453822,12137.41,1175497,7.74,9.94,2.59,-,22.68%,13.91%,-,IDV,2021-06-30 00:00:00,26.78,IDV
Q1 2021,25613,24132,645.58,-,-,-,423753,11332.37,826545,5.57,6.04,1.95,2.94%,56.55%,19.35%,-,IDV,2021-03-31 00:00:00,31.64,IDV
Q4 2020,35016,56979,1221.21,-,1260882,837130,423753,11332.37,788101,3.97,3.58,1.86,4.48%,65.97%,26.68%,-,IDV,2020-12-31 00:00:00,22.25,IDV
Q3 2020,34868,59372,1593.11,-,1208324,829757,378567,10118.12,550044,3.31,2.57,1.45,4.12%,23.79%,31.45%,-,IDV,2020-09-30 00:00:00,19.75,IDV
Q2 2020,41430,19486,532.71,-,1163117,822174,340943,9270.19,450283,3.39,2.12,1.32,Upgrade,Upgrade,31.05%,-,IDV,2020-06-30 00:00:00,14.54,IDV
Q1 2020,,,,,,,,,,,,,,,,,IDV,2020-03-31 00:00:00,11.66,IDV
Q4 2019,,,,,,,,,,,,,,,,,IDV,2019-12-31 00:00:00,14.11,IDV
Q3 2024,162359,43334,775.00,-,2293402,985851,1307551,19049.23,1454466,12.10,3.06,1.11,-,6.55%,8.26%,-,DTD,2024-09-30 00:00:00,25.3,DTD
Q2 2024,66492,13984,283.00,-,2209775,969053,1240722,20678.53,1509184,16.26,3.82,1.22,-,15.65%,6.15%,-,DTD,2024-06-30 00:00:00,28.3,DTD
Q1 2024,134070,32668,662.00,-,-,-,1228630,17284.30,1470464,13.90,3.18,1.20,5.27%,14.57%,7.20%,-,DTD,2024-03-31 00:00:00,25.91,DTD
Q4 2023,112242,30211,546.87,-,2180665,952035,1228630,17284.30,1213873,8.01,1.94,0.99,2.50%,8.26%,12.49%,-,DTD,2023-12-31 00:00:00,21.39,DTD
Q3 2023,82243,15936,325.22,-,2196300,1011635,1184664,18869.17,1059847,7.16,1.65,0.89,-,-,13.97%,-,DTD,2023-09-30 00:00:00,18.68,DTD
Q2 2023,133875,26992,479.40,-,2207330,1058172,1149158,15958.15,1274391,7.87,1.79,1.11,-,-,12.71%,-,DTD,2023-06-30 00:00:00,22.46,DTD
Q1 2023,296011,78496,1393.95,-,-,-,-,-,703704,3.88,0.88,-,5.33%,14.71%,25.76%,-,DTD,2023-03-31 00:00:00,12.4,DTD
Q4 2022,128431,26662,3116.52,-,2035745,1082031,953714,86781.44,462327,3.56,0.71,0.48,8.31%,22.47%,28.06%,-,DTD,2022-12-31 00:00:00,8.24,DTD
Q3 2022,154361,29834,622.22,-,1828500,969582,858917,13645.46,674594,4.52,0.85,0.79,-,-,22.14%,-,DTD,2022-09-30 00:00:00,14.07,DTD
Q2 2022,218036,46297,965.04,-,1855370,1037550,817821,13104.17,688487,4.10,0.82,0.84,-,-,24.40%,-,DTD,2022-06-30 00:00:00,13.29,DTD
Q1 2022,149571,26913,561.02,-,-,-,-,-,1370827,9.61,1.82,-,-,-,10.40%,-,DTD,2022-03-31 00:00:00,26.45,DTD
Q3 2021,274339,46306,1079.11,-,2003742,1226976,776765,13326.30,1014289,8.32,1.44,1.31,-,44.45%,12.01%,-,DTD,2021-09-30 00:00:00,19.57,DTD
Q2 2021,197510,48445,1129.09,-,-,-,684829,10326.08,893605,7.92,1.24,1.30,4.23%,18.40%,12.63%,-,DTD,2021-06-30 00:00:00,17.35,DTD
Q1 2021,130368,20919,443.32,-,2011606,1326777,684829,10326.08,1009087,7.71,1.21,1.47,-,-,12.98%,-,DTD,2021-03-31 00:00:00,19.6,DTD
Q4 2020,104044,6195,-,174.764,2374579,1714082,660497,-,767126,6.59,1.04,1.16,-,42.10%,15.18%,1.20%,DTD,2020-12-31 00:00:00,14.9,DTD
Q3 2020,286885,37335,-,-,-,-,601974,8778.86,481295,3.90,0.64,0.80,21.29%,69.76%,25.66%,-,DTD,2020-09-30 00:00:00,9.5,DTD
Q2 2020,310065,66496,1432.53,-,1663846,1061873,601974,8778.86,290056,3.30,0.52,0.48,-,-,30.31%,-,DTD,2020-06-30 00:00:00,5.57,DTD
Q1 2020,35432,6388,137.69,-,1284511,742689,541822,8102.50,233519,4.68,0.59,0.43,1.30%,6.36%,21.38%,-,DTD,2020-03-31 00:00:00,4.49,DTD
Q4 2021,,,,,,,,,,,,,,,,,DTD,2021-12-31 00:00:00,30.43,DTD
Q4 2019,,,,,,,,,,,,,,,,,DTD,2019-12-31 00:00:00,5.05,DTD
Q4 2023,167360,12806,746.00,-,683054,434658,248397,14788.58,126225,1.73,0.14,0.51,-,-,58.01%,-,TFC,2023-12-31 00:00:00,7.22,TFC
Q3 2023,335381,45068,2678.00,-,810543,567887,242656,14442.02,117810,1.93,0.12,0.49,-,-,51.87%,-,TFC,2023-09-30 00:00:00,6.37,TFC
Q1 2023,110329,-3944,-234.00,-,652811,451534,201277,11959.13,100980,-,0.13,0.50,7.43%,41.86%,13.64%,-,TFC,2023-03-31 00:00:00,5.46,TFC
Q3 2022,306079,19290,1156.00,-,782532,588473,194059,11644.78,129591,8.65,0.16,0.67,2.63%,2.83%,11.56%,-,TFC,2022-09-30 00:00:00,7.01,TFC
Q2 2022,204756,689.29,41.00,-,651777,476663,175113,10432.60,129591,-12.92,0.19,0.74,-,-,-7.74%,-,TFC,2022-06-30 00:00:00,7.01,TFC
Q1 2022,137286,-2257,-134.00,-,549485,375604,173881,10372.69,138006,-,0.22,0.79,-1.19%,-5.61%,-10.55%,-,TFC,2022-03-31 00:00:00,7.46,TFC
Q3 2021,187530,-2746,-168.00,-,653687,461995,191692,11734.90,154836,-,0.21,0.81,-0.42%,-11.09%,0.88%,-,TFC,2021-09-30 00:00:00,7.6,TFC
Q2 2021,166890,-5713,-343.00,-,670793,475491,195302,11729.79,134640,-,0.17,0.69,-0.18%,-7.02%,11.67%,-,TFC,2021-06-30 00:00:00,6.61,TFC
Q1 2021,147820,-3848,-237.00,-,582877,363941,218937,13486.48,121176,-,0.17,0.55,8.12%,24.97%,16.90%,-,TFC,2021-03-31 00:00:00,5.95,TFC
Q4 2020,250484,13668,804.00,1000.000,577035,353777,223258,13131.98,109395,5.55,0.17,0.49,5.42%,22.26%,18.00%,18.63%,TFC,2020-12-31 00:00:00,5.37,TFC
Q3 2020,220829,11606,685.00,-,562821,348860,213961,12626.62,94248,3.16,0.16,0.44,0.22%,-2.09%,31.61%,-,TFC,2020-09-30 00:00:00,4.63,TFC
Q2 2020,107317,-947.89,-61.00,-,477549,275510,202039,12998.73,80784,-,0.14,0.40,-1.52%,-9.20%,36.97%,-,TFC,2020-06-30 00:00:00,3.96,TFC
Q1 2020,80112,-4631,-280.00,-,438714,235206,203508,12295.98,87516,-,0.16,0.43,10.45%,40.70%,31.48%,-,TFC,2020-03-31 00:00:00,4.3,TFC
Q3 2024,,,,,,,,,,,,,,,,,TFC,2024-09-30 00:00:00,22.15,TFC
Q2 2024,,,,,,,,,,,,,,,,,TFC,2024-06-30 00:00:00,16.66,TFC
Q1 2024,,,,,,,,,,,,,,,,,TFC,2024-03-31 00:00:00,9.82,TFC
Q2 2023,,,,,,,,,,,,,,,,,TFC,2023-06-30 00:00:00,6.01,TFC
Q4 2022,,,,,,,,,,,,,,,,,TFC,2022-12-31 00:00:00,6.19,TFC
Q4 2021,,,,,,,,,,,,,,,,,TFC,2021-12-31 00:00:00,8.83,TFC
Q4 2019,,,,,,,,,,,,,,,,,TFC,2019-12-31 00:00:00,3.47,TFC
Q3 2024,9041566,30890,2059.46,-,3974068,3183335,790733,52719.54,1015500,3.74,0.03,1.28,-,29.82%,26.71%,-,TMB,2024-09-30 00:00:00,67.7,TMB
Q2 2024,11484517,54237,3616.00,-,4790787,4069984,720804,48056.36,1260000,3.21,0.03,1.75,-,22.33%,31.17%,-,TMB,2024-06-30 00:00:00,84.0,TMB
Q1 2024,11817840,40982,2732.00,-,-,-,734079,48937.07,1065000,2.17,0.02,1.45,9.70%,87.78%,46.11%,-,TMB,2024-03-31 00:00:00,68.97,TMB
Q4 2023,8238641,145159,9677.00,-,3940896,3206817,734079,48937.07,618000,1.03,0.01,0.84,-,-,97.53%,-,TMB,2023-12-31 00:00:00,40.02,TMB
Q2 2023,11464364,152613,10174.00,-,4106626,3541679,564947,37662.46,402000,0.82,0.01,0.71,-,122.61%,122.66%,-,TMB,2023-06-30 00:00:00,26.03,TMB
Q1 2023,10099150,87129,5808.50,-,-,-,430841,28724.05,385500,1.69,0.01,0.89,11.36%,105.72%,59.32%,-,TMB,2023-03-31 00:00:00,23.18,TMB
Q4 2022,8655561,100720,6715.00,2000.000,2260414,1829573,430841,28724.05,336000,1.88,0.01,0.78,2.27%,1.09%,53.20%,9.90%,TMB,2022-12-31 00:00:00,20.21,TMB
Q3 2022,6732633,901.78,60.00,-,2589757,2258406,331351,22046.38,348000,3.59,0.02,1.05,12.12%,49.07%,27.87%,-,TMB,2022-09-30 00:00:00,20.93,TMB
Q2 2022,6172795,39921,2661.00,-,2475359,2147331,328029,21865.24,292500,3.00,0.02,0.89,-,-,33.37%,-,TMB,2022-06-30 00:00:00,17.59,TMB
Q1 2022,3278026,37217,2481.00,-,1138556,815701,322855,21522.66,343500,3.94,0.03,1.06,8.17%,27.24%,25.37%,-,TMB,2022-03-31 00:00:00,19.25,TMB
Q4 2021,3148329,18944,1263.00,-,1010851,726443,284408,18962.02,277500,4.87,0.03,0.98,1.47%,2.27%,20.52%,-,TMB,2021-12-31 00:00:00,15.55,TMB
Q3 2021,2153190,1531,102.00,-,1022801,750815,271986,18121.15,315000,8.90,0.03,1.16,6.50%,44.25%,11.24%,-,TMB,2021-09-30 00:00:00,17.66,TMB
Q2 2021,3538322,29452,1963.00,-,1374683,1107192,267491,17828.25,225000,6.46,0.02,0.84,2.68%,10.72%,15.48%,-,TMB,2021-06-30 00:00:00,12.61,TMB
Q1 2021,2189061,7005,467.00,-,2075880,1810900,264980,17666.43,232500,8.07,0.02,0.88,2.74%,-4.04%,12.39%,-,TMB,2021-03-31 00:00:00,12.15,TMB
Q4 2020,2242086,-2589,-210.72,1000.000,2569235,2311597,257638,20966.23,249000,-,0.02,0.97,1.63%,1.51%,21.98%,7.68%,TMB,2020-12-31 00:00:00,13.01,TMB
Q3 2020,2394252,962.21,64.00,-,3201445,2945874,255571,16998.98,270000,2.80,0.02,1.06,2.85%,36.50%,35.65%,-,TMB,2020-09-30 00:00:00,14.11,TMB
Q2 2020,2974198,23418,1561.00,-,3471072,3216463,254609,16971.51,180000,1.62,0.01,0.71,Upgrade,Upgrade,61.58%,-,TMB,2020-06-30 00:00:00,8.68,TMB
Q3 2023,,,,,,,,,,,,,,,,,TMB,2023-09-30 00:00:00,36.43,TMB
Q1 2020,,,,,,,,,,,,,,,,,TMB,2020-03-31 00:00:00,6.51,TMB
Q4 2019,,,,,,,,,,,,,,,,,TMB,2019-12-31 00:00:00,7.96,TMB
Q3 2024,122728,21485,1743.00,-,393527,67550,325977,34928.95,810067,12.96,1.64,2.49,16.83%,29.40%,10.50%,-,PMC,2024-09-30 00:00:00,79.46,PMC
Q2 2024,137174,24180,1961.00,-,389861,70816,319046,34186.24,821266,13.29,1.59,2.57,10.31%,17.24%,10.27%,-,PMC,2024-06-30 00:00:00,79.67,PMC
Q1 2024,101223,14700,1575.18,-,401300,62295,339005,36324.96,755938,12.49,1.56,2.23,12.12%,25.17%,10.99%,-,PMC,2024-03-31 00:00:00,69.88,PMC
Q4 2023,132242,24706,173.52,5500.000,426375,83178,343197,36774.09,803535,13.17,1.66,2.34,12.21%,18.92%,10.40%,26.17%,PMC,2023-12-31 00:00:00,72.99,PMC
Q3 2023,146099,20758,1684.00,12600.000,513216,71131,442085,47370.14,694343,11.70,1.45,1.57,9.80%,21.35%,11.79%,28.52%,PMC,2023-09-30 00:00:00,54.7,PMC
Q2 2023,103673,22941,1861.00,1000.000,494327,58623,435704,46686.39,708342,12.01,1.56,1.63,9.28%,14.24%,11.50%,7.31%,PMC,2023-06-30 00:00:00,54.71,PMC
Q1 2023,103172,15160,1624.39,-,475976,52036,423940,45425.81,774604,13.45,1.69,1.83,11.35%,21.96%,10.34%,-,PMC,2023-03-31 00:00:00,59.83,PMC
Q4 2022,126849,23007,39.26,2000.000,494124,66342,427782,45837.52,793269,13.03,1.68,1.85,12.37%,20.01%,10.52%,5.00%,PMC,2022-12-31 00:00:00,59.99,PMC
Q3 2022,121511,20373,1653.00,1000.000,481799,71434,410366,43971.32,690610,10.25,1.43,1.68,11.80%,21.77%,12.29%,4.60%,PMC,2022-09-30 00:00:00,52.23,PMC
Q2 2022,107150,21557,1749.00,-,471782,67507,404276,43318.78,643948,12.87,1.57,1.59,12.94%,19.03%,10.49%,-,PMC,2022-06-30 00:00:00,47.93,PMC
Q1 2022,116764,18480,1980.12,-,448711,60754,387957,41570.18,671945,13.88,1.62,1.73,15.04%,25.46%,9.81%,-,PMC,2022-03-31 00:00:00,50.02,PMC
Q4 2021,139044,24456,565.08,1400.000,451494,62617,388877,41668.77,611284,12.93,1.48,1.57,2.19%,3.21%,10.59%,5.39%,PMC,2021-12-31 00:00:00,44.54,PMC
Q3 2021,46016,3037,246.00,1000.000,424530,44928,379602,40674.93,560888,14.20,1.39,1.48,12.56%,21.57%,10.63%,2.48%,PMC,2021-09-30 00:00:00,40.27,PMC
Q2 2021,112631,19938,1617.00,-,437061,59758,377303,40428.59,631815,11.51,1.34,1.67,12.51%,19.08%,11.87%,-,PMC,2021-06-30 00:00:00,45.36,PMC
Q1 2021,116541,17329,1856.79,-,413536,51327,362209,38811.31,630882,12.33,1.41,1.74,13.18%,21.40%,11.31%,-,PMC,2021-03-31 00:00:00,45.29,PMC
Q4 2020,129600,19340,-65.44,-,429053,64879,364173,39021.74,536623,-,1.16,1.47,13.14%,20.93%,13.91%,-,PMC,2020-12-31 00:00:00,37.74,PMC
Q3 2020,112080,18412,1493.00,-,412697,53832,358865,38452.91,541289,9.82,1.18,1.51,11.04%,18.82%,13.89%,-,PMC,2020-09-30 00:00:00,37.38,PMC
Q2 2020,90600,16248,1318.00,-,400530,55603,344927,36959.48,488094,8.73,1.06,1.42,15.58%,24.34%,15.57%,-,PMC,2020-06-30 00:00:00,33.71,PMC
Q1 2020,128484,20618,2209.26,-,400241,54548,345692,37041.48,371436,6.45,0.77,1.07,Upgrade,Upgrade,20.91%,-,PMC,2020-03-31 00:00:00,24.98,PMC
Q4 2019,,,,,,,,,,,,,,,,,PMC,2019-12-31 00:00:00,33.13,PMC
Q3 2024,451379,27741,1545.00,-,1116233,430792,685440,38173.34,966033,8.76,0.57,1.41,7.54%,15.82%,11.92%,-,INN,2024-09-30 00:00:00,53.8,INN
Q2 2024,376134,26465,1473.90,-,1068773,411046,657726,36630.28,939099,8.95,0.58,1.43,7.00%,14.45%,11.70%,-,INN,2024-06-30 00:00:00,52.3,INN
Q1 2024,371815,24164,1345.70,-,1015723,335000,680723,37910.61,897700,9.12,0.57,1.32,6.72%,23.06%,11.52%,-,INN,2024-03-31 00:00:00,47.58,INN
Q4 2023,489768,36816,1773.70,-,1089704,432742,656961,36587.28,802544,8.51,0.52,1.22,7.14%,14.75%,12.37%,-,INN,2023-12-31 00:00:00,42.54,INN
Q3 2023,384517,22449,1250.20,-,1020324,400152,620172,34537.24,772022,9.36,0.49,1.24,6.43%,13.15%,11.10%,-,INN,2023-09-30 00:00:00,40.92,INN
Q2 2023,317415,19987,1113.10,-,875450,277652,597798,33296.09,633776,7.80,0.39,1.06,6.70%,13.21%,13.33%,-,INN,2023-06-30 00:00:00,33.59,INN
Q1 2023,340455,19989,1113.20,-,911149,292777,618373,34442.06,691229,8.57,0.41,1.12,7.72%,16.03%,12.13%,-,INN,2023-03-31 00:00:00,34.78,INN
Q4 2022,527623,23267,1119.07,1500.000,992749,400678,592071,32977.10,700206,8.82,0.41,1.18,7.60%,15.21%,11.79%,4.26%,INN,2022-12-31 00:00:00,35.23,INN
Q3 2022,432367,21230,1182.46,-,935600,366741,568859,31684.22,791771,9.65,0.46,1.39,6.51%,13.87%,10.76%,-,INN,2022-09-30 00:00:00,39.83,INN
Q2 2022,372687,19342,1007.00,-,910691,363007,547684,30504.85,859997,12.18,0.51,1.57,6.42%,13.39%,8.58%,-,INN,2022-06-30 00:00:00,43.27,INN
Q1 2022,377524,18712,1042.20,-,962761,394487,568274,31651.68,944380,14.23,0.59,1.66,8.23%,19.31%,7.37%,-,INN,2022-03-31 00:00:00,45.72,INN
Q4 2021,546614,25926,1295.90,2000.000,1122460,572430,550030,30635.50,687715,10.16,0.45,1.25,4.07%,7.56%,10.31%,6.01%,INN,2021-12-31 00:00:00,33.29,INN
Q3 2021,374025,9818,559.75,-,881285,357131,524154,29883.39,646416,11.15,0.46,1.23,6.01%,11.48%,9.50%,-,INN,2021-09-30 00:00:00,31.29,INN
Q2 2021,308282,15108,854.22,-,798187,283779,514408,28648.22,542271,7.42,0.40,1.05,5.85%,15.17%,14.12%,-,INN,2021-06-30 00:00:00,26.25,INN
Q1 2021,307504,20045,1114.00,-,786896,248547,538350,-,538680,8.16,0.43,1.00,6.80%,12.87%,12.89%,-,INN,2021-03-31 00:00:00,24.35,INN
Q4 2020,404975,16427,724.05,2000.000,802554,283850,518704,28887.49,598518,9.40,0.49,1.15,10.02%,20.35%,11.21%,7.04%,INN,2020-12-31 00:00:00,28.41,INN
Q3 2020,323556,24962,1390.00,-,754531,252183,502348,27973.43,545506,7.88,0.45,1.09,3.45%,6.47%,13.51%,-,INN,2020-09-30 00:00:00,25.89,INN
Q2 2020,229897,8013,446.00,-,694875,215944,478931,26657.74,427513,6.55,0.35,0.89,7.75%,14.06%,16.32%,-,INN,2020-06-30 00:00:00,18.72,INN
Q1 2020,251633,17678,983.00,-,726876,215313,511563,28439.12,413724,5.27,0.33,0.81,Upgrade,Upgrade,20.04%,-,INN,2020-03-31 00:00:00,17.22,INN
Q4 2019,,,,,,,,,,,,,,,,,INN,2019-12-31 00:00:00,21.94,INN
Q4 2023,21678,16151,136.00,-,1974924,177960,1796964,11287.43,747247,-2.14,9.52,0.42,-,-,-46.74%,-,TVC,2023-12-31 00:00:00,6.3,TVC
Q3 2023,13253,13213,90.00,-,1911147,134194,1776953,9008.97,711664,-1.93,7.91,0.40,-,-,-51.69%,-,TVC,2023-09-30 00:00:00,6.0,TVC
Q1 2023,18139,75288,639.00,-,2248459,130920,2117539,12867.18,557470,-0.90,5.92,0.26,-62.86%,-137.01%,-110.91%,-,TVC,2023-03-31 00:00:00,4.7,TVC
Q4 2022,25383,-453917,-3826.57,-,1737803,219615,1518188,9176.60,533748,-,4.34,0.35,-0.28%,0.20%,-151.15%,-,TVC,2022-12-31 00:00:00,4.5,TVC
Q3 2022,33222,-2459,-20.74,-,2430963,270652,2160312,13106.19,865858,-,3.83,0.40,-,-49.60%,-32.04%,-,TVC,2022-09-30 00:00:00,7.3,TVC
Q2 2022,17393,-237212,-2000.00,-,2875753,697461,2178292,13297.41,937024,-,3.67,0.43,-,-20.90%,-13.30%,-,TVC,2022-06-30 00:00:00,7.9,TVC
Q1 2022,47014,-113161,-954.00,-,-,-,2469096,15109.14,2384074,-,6.66,0.97,5.61%,20.67%,8.95%,-,TVC,2022-03-31 00:00:00,20.1,TVC
Q4 2021,128543,75411,714.63,-,3908744,1439648,2469096,15109.14,2858517,6.69,6.62,1.16,1.99%,39.17%,14.96%,-,TVC,2021-12-31 00:00:00,24.1,TVC
Q3 2021,62032,150312,1772.00,-,3740729,1725864,2014865,14334.27,1740659,4.71,5.02,0.86,-,48.17%,21.44%,-,TVC,2021-09-30 00:00:00,16.8,TVC
Q2 2021,120535,100930,1843.50,-,2680522,1288432,1392090,18822.16,1070566,4.46,3.30,0.77,-,66.00%,22.72%,-,TVC,2021-06-30 00:00:00,13.16,TVC
Q1 2021,120535,100930,1843.50,-,-,-,799973,17776.44,530684,3.06,2.45,0.66,1.79%,13.99%,33.32%,-,TVC,2021-03-31 00:00:00,10.27,TVC
Q4 2020,43925,21050,547.38,800.000,2299768,1496735,803032,18800.22,495598,6.29,4.76,0.62,2.26%,14.26%,16.60%,8.85%,TVC,2020-12-31 00:00:00,9.04,TVC
Q3 2020,39410,20364,639.00,-,2197861,1466940,730920,16923.73,385952,5.39,4.84,0.53,0.06%,24.68%,18.56%,-,TVC,2020-09-30 00:00:00,7.04,TVC
Q2 2020,13118,34482,981.75,-,1935888,1221954,713934,15119.81,364151,7.41,6.80,0.51,-,-,13.49%,-,TVC,2020-06-30 00:00:00,6.64,TVC
Q1 2020,7647,6369,215.33,-,1909837,1228398,681439,16611.75,1112462,48.71,20.10,1.63,0.52%,7.64%,2.05%,-,TVC,2020-03-31 00:00:00,20.29,TVC
Q3 2024,,,,,,,,,,,,,,,,,TVC,2024-09-30 00:00:00,10.1,TVC
Q2 2024,,,,,,,,,,,,,,,,,TVC,2024-06-30 00:00:00,10.6,TVC
Q1 2024,,,,,,,,,,,,,,,,,TVC,2024-03-31 00:00:00,9.4,TVC
Q2 2023,,,,,,,,,,,,,,,,,TVC,2023-06-30 00:00:00,6.4,TVC
Q4 2019,,,,,,,,,,,,,,,,,TVC,2019-12-31 00:00:00,12.85,TVC
Q3 2024,20779,7200,233.33,-,621258,196447,424811,13766.07,916522,36.57,6.96,2.16,-,4.48%,2.73%,-,L14,2024-09-30 00:00:00,29.7,L14
Q2 2024,21536,4827,156.41,-,655140,222099,433041,14032.73,1098592,43.61,8.21,2.54,-,4.13%,2.29%,-,L14,2024-06-30 00:00:00,35.08,L14
Q1 2024,21872,4426,-,-,-,-,428399,-,1376325,54.26,10.98,3.21,-,-,1.84%,-,L14,2024-03-31 00:00:00,43.95,L14
Q4 2023,67487,8608,-,500.000,666085,237686,428399,-,1391755,57.46,10.34,3.25,-,-,1.74%,1.12%,L14,2023-12-31 00:00:00,44.45,L14
Q3 2023,22940,7331,-,-,-,-,-,-,1373240,27.35,12.32,-,0.75%,4.88%,3.66%,-,L14,2023-09-30 00:00:00,43.85,L14
Q2 2023,13064,5002,162.09,-,551396,138936,412461,13365.85,1280662,25.11,10.36,3.10,-,-,3.98%,-,L14,2023-06-30 00:00:00,40.9,L14
Q1 2023,31111,3280,106.29,-,552585,145127,407459,13203.75,1382497,-7.20,6.97,3.39,4.73%,35.73%,-13.89%,-,L14,2023-03-31 00:00:00,44.15,L14
Q4 2022,44362,34600,-,-,566832,162653,404179,-,1592341,-8.55,8.59,3.94,5.95%,7.30%,-11.69%,-,L14,2022-12-31 00:00:00,50.85,L14
Q3 2022,35083,8119,263.09,-,553868,183340,370528,12007.01,2231114,-10.68,13.20,6.02,-,-,-9.36%,-,L14,2022-09-30 00:00:00,71.25,L14
Q2 2022,87795,-237988,-7711.91,-,793211,274417,518794,13270.20,2718349,-,13.98,5.24,-,-,-7.14%,-,L14,2022-06-30 00:00:00,86.81,L14
Q1 2022,18199,9079,-,-,-,-,-,-,9104994,153.29,61.54,-,3.40%,13.70%,0.65%,-,L14,2022-03-31 00:00:00,290.78,L14
Q3 2021,27921,11899,385.60,-,729677,287504,442172,12448.78,2431218,40.13,14.02,5.50,-,23.62%,2.49%,-,L14,2021-09-30 00:00:00,77.64,L14
Q2 2021,60469,22833,739.89,-,592887,165606,427281,12084.42,1854048,31.66,10.97,4.34,-,18.11%,3.16%,-,L14,2021-06-30 00:00:00,59.21,L14
Q1 2021,41364,15585,-,-,-,-,346698,11162.30,2024815,46.90,15.73,5.84,3.97%,12.06%,2.13%,-,L14,2021-03-31 00:00:00,64.66,L14
Q4 2020,43687,10261,332.51,-,511135,164437,346698,11162.30,1424689,40.36,12.20,4.11,3.20%,11.91%,2.48%,-,L14,2020-12-31 00:00:00,45.5,L14
Q3 2020,23423,9881,-,-,492855,152955,339900,-,1317350,27.71,8.50,3.88,2.43%,8.27%,3.61%,-,L14,2020-09-30 00:00:00,42.07,L14
Q2 2020,20281,7441,-,-,464593,134660,329933,-,1197616,21.06,6.34,3.63,2.63%,8.03%,4.75%,-,L14,2020-06-30 00:00:00,38.25,L14
Q1 2020,29377,7715,-,-,457197,67084,390113,-,914846,12.82,3.87,2.35,12.91%,23.99%,7.80%,-,L14,2020-03-31 00:00:00,29.22,L14
Q4 2021,,,,,,,,,,,,,,,,,L14,2021-12-31 00:00:00,222.73,L14
Q4 2019,,,,,,,,,,,,,,,,,L14,2019-12-31 00:00:00,39.55,L14
Q3 2024,792794,-24435,-384.00,-,3657197,1920322,1736875,14387.03,997999,-,0.31,0.57,1.61%,6.20%,-16.74%,-,BCC,2024-09-30 00:00:00,8.1,BCC
Q2 2024,1020568,25705,208.86,-,3694373,1932070,1762303,14585.35,1096567,-5.53,0.36,0.62,-2.71%,-11.30%,-18.08%,-,BCC,2024-06-30 00:00:00,8.9,BCC
Q1 2024,689745,-48597,-394.00,-,3803629,2068428,1735201,14376.72,1158172,-,0.40,0.67,-6.01%,-25.82%,-19.80%,-,BCC,2024-03-31 00:00:00,9.4,BCC
Q4 2023,680675,-119732,-971.17,-,3656713,1871791,1784922,14771.14,1133530,-,0.37,0.64,-2.88%,-11.43%,-20.07%,-,BCC,2023-12-31 00:00:00,9.2,BCC
Q3 2023,660151,-55653,-452.00,-,3908388,1941041,1967347,16240.41,1330666,-,0.40,0.68,0.35%,-1.32%,-9.91%,-,BCC,2023-09-30 00:00:00,10.8,BCC
Q2 2023,892595,-5349,-43.00,-,3973256,1948761,2024496,16692.98,1675653,-,0.46,0.83,-2.02%,-9.27%,-6.71%,-,BCC,2023-06-30 00:00:00,13.06,BCC
Q1 2023,847945,-46751,-379.00,-,4115951,2042010,2073941,17082.82,1453876,-,0.37,0.70,-1.06%,-4.81%,-3.27%,-,BCC,2023-03-31 00:00:00,11.33,BCC
Q4 2022,919502,-24143,-540.39,500.000,4099184,1976542,2122642,17463.04,1010320,-,0.24,0.48,-2.16%,-6.83%,6.86%,6.35%,BCC,2022-12-31 00:00:00,7.87,BCC
Q3 2022,982169,-36146,-293.00,-,4361915,2213474,2148442,17659.77,1552444,-,0.34,0.72,5.08%,10.45%,7.02%,-,BCC,2022-09-30 00:00:00,12.1,BCC
Q2 2022,1133916,59471,2987.39,-,4215259,1967564,2247695,18453.92,1724937,17.67,0.39,0.77,5.82%,12.65%,8.05%,-,BCC,2022-06-30 00:00:00,13.02,BCC
Q1 2022,1182730,70147,569.00,-,3971074,1795904,2175170,17851.52,2833826,21.87,0.64,1.30,2.04%,2.61%,6.03%,-,BCC,2022-03-31 00:00:00,21.39,BCC
Q4 2021,1204057,15570,-208.78,500.000,3927546,1764803,2162744,17738.24,2784542,-,0.64,1.29,0.44%,-1.50%,3.92%,2.38%,BCC,2021-12-31 00:00:00,21.01,BCC
Q3 2021,878582,-6296,-51.00,-,4196627,2030101,2166526,17757.02,2562764,-,0.60,1.18,7.67%,16.72%,6.24%,-,BCC,2021-09-30 00:00:00,19.11,BCC
Q2 2021,1187165,91421,742.00,-,4237625,2062885,2174740,17808.90,1342987,8.95,0.30,0.62,1.52%,1.37%,13.99%,-,BCC,2021-06-30 00:00:00,10.02,BCC
Q1 2021,1060248,8577,70.00,-,4239382,2122363,2117019,17326.42,1429234,13.96,0.33,0.68,4.50%,12.30%,9.80%,-,BCC,2021-03-31 00:00:00,10.66,BCC
Q4 2020,1111254,66163,230.51,300.000,4127845,2012133,2115712,17304.91,1182814,10.38,0.28,0.56,2.63%,3.95%,12.83%,3.40%,BCC,2020-12-31 00:00:00,8.82,BCC
Q3 2020,1052155,21667,175.89,-,4512000,2460292,2051708,16768.20,924084,11.64,0.22,0.45,4.02%,8.33%,12.45%,-,BCC,2020-09-30 00:00:00,6.89,BCC
Q2 2020,1084479,43719,354.46,-,4667930,2636345,2031585,16592.83,781071,10.28,0.19,0.38,2.67%,3.70%,14.29%,-,BCC,2020-06-30 00:00:00,5.82,BCC
Q1 2020,1050946,20191,164.29,-,4688800,2677603,2011197,16414.36,561051,6.16,0.14,0.28,Upgrade,Upgrade,22.59%,-,BCC,2020-03-31 00:00:00,4.18,BCC
Q4 2019,,,,,,,,,,,,,,,,,BCC,2019-12-31 00:00:00,5.82,BCC
Q3 2024,178316,18667,2611.53,-,451189,104925,346264,48444.93,789808,7.41,1.16,2.28,27.59%,47.20%,13.49%,-,SGC,2024-09-30 00:00:00,110.5,SGC
Q2 2024,188880,35222,4928.00,-,380721,64643,316078,44221.66,700463,7.12,1.15,2.22,-,-,14.05%,-,SGC,2024-06-30 00:00:00,97.15,SGC
Q1 2024,162021,27749,3882.00,-,357601,76745,280856,39293.88,514626,6.97,0.98,1.83,24.17%,41.46%,14.35%,-,SGC,2024-03-31 00:00:00,71.37,SGC
Q4 2023,149997,24927,3487.00,-,297197,44089,253107,35411.62,456016,8.93,1.00,1.80,10.15%,18.63%,11.20%,-,SGC,2023-12-31 00:00:00,63.24,SGC
Q3 2023,105997,10529,1473.00,-,291871,64051,227819,31873.61,523203,12.61,1.24,2.30,11.62%,19.37%,7.93%,-,SGC,2023-09-30 00:00:00,71.57,SGC
Q2 2023,108518,10660,1491.00,-,262915,38478,224438,31400.49,561800,14.53,1.40,2.50,5.57%,9.31%,6.88%,-,SGC,2023-06-30 00:00:00,76.85,SGC
Q1 2023,90187,4965,695.00,-,267762,51984,215778,30188.93,458160,10.30,1.12,2.12,16.81%,30.20%,9.71%,-,SGC,2023-03-31 00:00:00,62.67,SGC
Q4 2022,116171,15340,2146.00,-,271275,60422,210853,29496.89,650430,10.95,1.46,3.08,9.25%,16.07%,9.13%,-,SGC,2022-12-31 00:00:00,88.97,SGC
Q3 2022,85174,7701,1077.00,-,239165,43652,195513,27353.71,650430,10.68,1.50,3.33,19.29%,36.73%,9.37%,-,SGC,2022-09-30 00:00:00,88.97,SGC
Q2 2022,118707,16489,2307.00,-,247875,60062,187812,26276.35,589675,9.80,1.30,3.14,25.62%,49.27%,10.21%,-,SGC,2022-06-30 00:00:00,80.66,SGC
Q1 2022,124327,19876,2781.00,-,260423,89100,171323,23969.39,458160,9.80,1.08,2.67,23.89%,46.02%,10.21%,-,SGC,2022-03-31 00:00:00,62.67,SGC
Q4 2021,106621,16863,2359.00,-,226296,74870,151426,21185.63,362382,11.28,0.94,2.39,10.26%,20.67%,8.86%,-,SGC,2021-12-31 00:00:00,49.57,SGC
Q3 2021,102492,6970,975.00,-,205444,63733,141711,19826.38,564659,24.93,1.57,3.98,-,-,4.01%,-,SGC,2021-09-30 00:00:00,76.26,SGC
Q2 2021,92725,3049,427.00,1000.000,219146,91155,127991,17906.90,493898,20.75,1.46,3.86,-,-,4.82%,1.50%,SGC,2021-06-30 00:00:00,66.7,SGC
Q1 2021,81745,5243,734.00,-,-,-,-,-,793381,29.36,2.60,-,11.63%,25.73%,3.41%,-,SGC,2021-03-31 00:00:00,107.15,SGC
Q4 2020,82270,7392,1034.00,-,210128,91535,118592,16591.97,664725,21.53,2.14,5.61,14.84%,30.31%,4.64%,-,SGC,2020-12-31 00:00:00,89.77,SGC
Q3 2020,81789,8120,1136.00,-,181125,69925,111201,15557.80,471740,13.53,1.47,4.24,12.30%,22.27%,7.39%,-,SGC,2020-09-30 00:00:00,63.71,SGC
Q2 2020,58780,6266,877.00,-,157112,54030,103082,14421.95,414560,12.95,1.34,4.02,16.40%,30.02%,7.72%,-,SGC,2020-06-30 00:00:00,55.99,SGC
Q1 2020,88441,9094,1272.00,-,164454,42407,122047,17071.88,471740,14.66,1.47,3.87,Upgrade,Upgrade,6.82%,-,SGC,2020-03-31 00:00:00,62.44,SGC
Q4 2019,,,,,,,,,,,,,,,,,SGC,2019-12-31 00:00:00,100.84,SGC
Q3 2024,749800,-1502,-24.00,-,1923686,894875,1028811,11455.70,1055528,-,0.36,1.03,0.03%,1.83%,-0.02%,-,PVC,2024-09-30 00:00:00,12.94,PVC
Q2 2024,796560,1618,19.91,-,2004152,976118,1028034,11472.65,1201678,119.59,0.39,1.17,-0.50%,0.38%,1.18%,-,PVC,2024-06-30 00:00:00,14.73,PVC
Q1 2024,397845,50.62,1.00,-,1956163,905448,1050714,11600.03,1201678,142.10,0.41,1.14,0.19%,0.33%,1.04%,-,PVC,2024-03-31 00:00:00,14.73,PVC
Q4 2023,1011031,-429.04,-52.67,60.000,2472041,1422318,1049722,11599.40,1217917,-,0.38,1.16,2.90%,8.16%,1.68%,0.40%,PVC,2023-12-31 00:00:00,14.93,PVC
Q3 2023,846359,12908,213.00,-,2224425,1387205,837220,12175.10,880000,36.20,0.28,1.05,-0.51%,2.81%,3.51%,-,PVC,2023-09-30 00:00:00,13.34,PVC
Q2 2023,705611,27.1,0.27,-,2028604,1208291,820313,11959.96,905000,73.24,0.30,1.10,0.42%,5.48%,2.10%,-,PVC,2023-06-30 00:00:00,13.71,PVC
Q1 2023,658926,7977,133.33,-,2006710,1161754,844956,12222.20,725000,45.24,0.23,0.86,1.52%,8.06%,3.12%,-,PVC,2023-03-31 00:00:00,10.99,PVC
Q4 2022,952518,10003,53.05,150.000,2245543,1412089,833454,12089.25,600000,122.52,0.20,0.72,2.11%,1.77%,1.92%,1.74%,PVC,2022-12-31 00:00:00,9.09,PVC
Q3 2022,663781,954.25,-11.67,-,1996328,1179572,816756,11921.25,900000,354.43,0.30,1.10,2.16%,3.37%,0.77%,-,PVC,2022-09-30 00:00:00,13.4,PVC
Q2 2022,839815,3698,75.00,-,1955220,1139722,815498,11944.51,805000,233.64,0.26,0.99,0.25%,0.05%,0.97%,-,PVC,2022-06-30 00:00:00,11.99,PVC
Q1 2022,478238,-3152,-86.67,-,1700226,872718,827508,12148.54,1475000,-,0.50,1.78,2.15%,5.17%,0.30%,-,PVC,2022-03-31 00:00:00,21.96,PVC
Q4 2021,1061318,5440,16.39,191.667,1810746,1009265,801481,12102.07,798000,251.71,0.29,1.00,-0.30%,3.03%,0.95%,1.61%,PVC,2021-12-31 00:00:00,12.51,PVC
Q3 2021,739236,1860,23.33,-,1624100,832663,791437,12010.04,551000,-72.95,0.22,0.70,0.62%,2.90%,0.08%,-,PVC,2021-09-30 00:00:00,8.34,PVC
Q2 2021,657401,222.5,0.49,-,1726544,939747,786798,12004.71,546250,-98.18,0.24,0.69,0.04%,0.97%,0.45%,-,PVC,2021-06-30 00:00:00,8.27,PVC
Q1 2021,302306,47.6,0.83,-,1630842,810876,819966,12519.96,494000,-74.50,0.24,0.60,0.07%,0.58%,0.28%,-,PVC,2021-03-31 00:00:00,7.48,PVC
Q4 2020,762849,-1684,-61.51,375.000,1673539,849840,823699,12476.18,389500,-,0.18,0.47,2.09%,4.41%,1.38%,6.69%,PVC,2020-12-31 00:00:00,5.9,PVC
Q3 2020,550168,3850,71.67,-,1462917,639497,823420,12535.44,285000,175.87,0.14,0.35,0.39%,2.28%,3.73%,-,PVC,2020-09-30 00:00:00,4.01,PVC
Q2 2020,473637,-844.59,-34.40,-,1539318,725988,813329,12440.07,275500,-,0.13,0.34,1.75%,2.69%,4.44%,-,PVC,2020-06-30 00:00:00,3.88,PVC
Q1 2020,392051,4063,49.17,-,1682890,809489,873401,13003.20,190000,13.51,0.09,0.22,Upgrade,Upgrade,12.14%,-,PVC,2020-03-31 00:00:00,2.67,PVC
Q4 2019,,,,,,,,,,,,,,,,,PVC,2019-12-31 00:00:00,4.41,PVC
Q3 2024,21612,-6631,-307.00,-,429068,41470,387597,17944.33,637200,-,1.78,1.64,3.09%,5.26%,4.71%,-,PVB,2024-09-30 00:00:00,29.5,PVB
Q2 2024,64006,5150,211.00,-,441371,48450,392921,18190.78,587520,18.45,1.55,1.50,-,-,5.76%,-,PVB,2024-06-30 00:00:00,27.2,PVB
Q1 2024,123205,20514,950.00,-,479952,90031,389921,18051.89,524880,18.74,1.43,1.35,6.91%,12.10%,5.72%,-,PVB,2024-03-31 00:00:00,24.3,PVB
Q4 2023,149727,11005,415.90,-,497997,128590,369407,17102.18,457920,1338.31,1.87,1.24,-3.62%,-3.14%,0.51%,-,PVB,2023-12-31 00:00:00,21.2,PVB
Q3 2023,41807,-2823,-131.00,-,413438,55037,358402,16592.67,447120,-,4.27,1.25,-1.54%,1.46%,-4.72%,-,PVB,2023-09-30 00:00:00,20.7,PVB
Q2 2023,52347,1315,61.00,-,394188,33986,360202,16703.58,496800,-23.99,6.32,1.38,-6.64%,-7.91%,-4.17%,-,PVB,2023-06-30 00:00:00,23.0,PVB
Q1 2023,591.2,-7156,-331.00,-,389199,30242,358957,16603.22,282960,-,9.13,0.79,-8.19%,-13.39%,-8.01%,-,PVB,2023-03-31 00:00:00,13.1,PVB
Q4 2022,10004,-12451,-576.00,-,398151,33778,364373,16857.00,244080,-,7.10,0.67,-5.90%,-2.53%,-4.65%,-,PVB,2022-12-31 00:00:00,11.3,PVB
Q3 2022,15656,-2414,-112.00,-,409611,30068,379543,17609.45,371520,-,14.39,0.98,-,-,6.01%,-,PVB,2022-09-30 00:00:00,17.2,PVB
Q2 2022,4734,-653.02,-30.00,-,422586,39966,382621,17577.76,308880,-,15.60,0.81,-,4.43%,6.26%,-,PVB,2022-06-30 00:00:00,14.3,PVB
Q1 2022,3969,4178,193.00,-,-,-,376956,17449.36,505440,33.92,15.90,1.34,-,-,2.95%,-,PVB,2022-03-31 00:00:00,23.4,PVB
Q4 2021,1458,21214,982.00,-,452423,75467,376956,17449.36,425520,732.40,10.97,1.13,-,-,0.14%,-,PVB,2021-12-31 00:00:00,19.7,PVB
Q3 2021,9638,-5409,-250.00,-,-,-,-,-,341280,-,6.13,-,-3.56%,-5.32%,-11.89%,-,PVB,2021-09-30 00:00:00,14.91,PVB
Q2 2021,16733,-5083,-235.00,-,496846,132975,363871,16821.64,347760,-,3.65,0.96,-5.38%,-9.99%,-11.84%,-,PVB,2021-06-30 00:00:00,15.19,PVB
Q1 2021,10956,-10141,-469.00,-,556623,155656,400968,18563.32,393120,-,1.22,0.98,-11.78%,-17.58%,0.46%,-,PVB,2021-03-31 00:00:00,17.17,PVB
Q4 2020,18355,-19928,-923.00,1000.000,574178,163077,411101,19032.47,388800,-,0.56,0.95,-2.51%,-4.82%,15.60%,5.89%,PVB,2020-12-31 00:00:00,16.98,PVB
Q3 2020,49222,-6014,-266.00,-,649681,153956,495725,22950.24,365040,-,0.35,0.74,12.63%,30.44%,43.21%,-,PVB,2020-09-30 00:00:00,15.95,PVB
Q2 2020,243973,37890,1754.00,-,841253,339409,501844,23233.53,334800,2.13,0.34,0.67,20.39%,41.47%,46.91%,-,PVB,2020-06-30 00:00:00,13.86,PVB
Q1 2020,383589,48702,2255.00,-,793601,299799,493802,22863.93,164160,1.62,0.22,0.33,Upgrade,Upgrade,61.73%,-,PVB,2020-03-31 00:00:00,6.79,PVB
Q4 2019,,,,,,,,,,,,,,,,,PVB,2019-12-31 00:00:00,16.27,PVB
Q3 2024,68589,3135,195.00,-,356390,122202,234188,15336.49,795565,22.04,1.88,3.40,7.02%,14.62%,4.54%,-,CAP,2024-09-30 00:00:00,48.5,CAP
Q2 2024,102101,9230,581.00,-,391509,159500,232009,15385.94,975630,11.91,1.75,4.21,11.83%,20.45%,8.39%,-,CAP,2024-06-30 00:00:00,52.1,CAP
Q1 2024,186480,13753,856.00,-,321781,48737,273044,17206.37,788149,7.30,1.23,2.89,6.88%,15.35%,13.70%,-,CAP,2024-03-31 00:00:00,64.7,CAP
Q4 2023,66930,9981,615.33,-,292054,27042,265011,17574.43,790160,6.92,1.29,2.98,-,-,14.46%,-,CAP,2023-12-31 00:00:00,49.69,CAP
Q3 2023,201311,48921,3017.33,-,302668,47637,255031,16912.54,703716,4.88,0.92,2.76,-,-,20.50%,-,CAP,2023-09-30 00:00:00,49.82,CAP
Q2 2023,185034,35334,2226.00,-,-,-,-,-,648738,5.24,0.88,-,23.48%,40.23%,19.10%,-,CAP,2023-06-30 00:00:00,44.37,CAP
Q1 2023,158113,20002,1326.56,-,258713,55121,203592,13502.27,569413,5.21,0.88,2.80,-,-,19.19%,-,CAP,2023-03-31 00:00:00,39.03,CAP
Q4 2022,220303,40007,2653.13,2187.500,233021,38838,194182,12877.13,655806,6.18,1.00,3.38,-,90.82%,16.19%,5.54%,CAP,2022-12-31 00:00:00,34.26,CAP
Q3 2022,172699,28552,1601.33,-,-,-,125751,8339.04,565486,6.61,0.92,4.50,25.93%,71.75%,15.12%,-,CAP,2022-09-30 00:00:00,39.45,CAP
Q2 2022,98722,20700,1372.57,-,286674,160924,125751,8339.04,492186,7.58,0.95,3.91,31.33%,60.24%,13.20%,-,CAP,2022-06-30 00:00:00,34.02,CAP
Q1 2022,165299,16906,1121.18,-,192286,87235,105050,6966.31,455534,7.86,0.86,4.34,33.51%,70.50%,12.72%,-,CAP,2022-03-31 00:00:00,28.33,CAP
Q4 2021,178206,19353,1283.33,1736.111,152669,33192,119477,7922.98,405792,7.09,0.78,3.40,12.88%,33.31%,14.11%,7.43%,CAP,2021-12-31 00:00:00,26.22,CAP
Q3 2021,73455,8005,530.90,-,192162,92038,100124,6639.63,305260,6.68,0.72,3.05,-,-,14.97%,-,CAP,2021-09-30 00:00:00,23.36,CAP
Q2 2021,114427,13677,906.94,-,218730,126604,92125,6108.85,313638,6.60,0.70,3.40,-,75.56%,15.15%,-,CAP,2021-06-30 00:00:00,17.57,CAP
Q1 2021,151880,16223,1075.69,-,-,-,85880,5695.61,201587,5.09,0.48,2.35,20.31%,38.09%,19.66%,-,CAP,2021-03-31 00:00:00,18.05,CAP
Q4 2020,84272,7806,517.71,-,116247,30367,85880,5695.61,171742,5.79,0.47,2.00,21.56%,53.62%,17.28%,-,CAP,2020-12-31 00:00:00,10.86,CAP
Q3 2020,97146,9811,650.69,-,121569,43500,78070,5177.57,153939,4.32,0.34,1.97,-,-,23.17%,-,CAP,2020-09-30 00:00:00,9.26,CAP
Q2 2020,87017,5791,384.03,-,145328,77022,68306,4530.00,149750,5.04,0.34,2.19,Upgrade,Upgrade,19.85%,-,CAP,2020-06-30 00:00:00,8.3,CAP
Q1 2020,,,,,,,,,,,,,,,,,CAP,2020-03-31 00:00:00,7.23,CAP
Q4 2019,,,,,,,,,,,,,,,,,CAP,2019-12-31 00:00:00,7.56,CAP
Q3 2024,15792,-2005,-27.99,-,1277797,189031,1088766,15193.94,659253,-,7.05,0.61,-,-,8.09%,-,NDN,2024-09-30 00:00:00,9.2,NDN
Q2 2024,9524,7684,107.00,-,1341113,248187,1092926,15218.45,824066,7.07,4.71,0.75,-,-,14.15%,-,NDN,2024-06-30 00:00:00,11.5,NDN
Q1 2024,12016,20090,280.50,-,-,-,-,-,852729,4.43,2.65,-,4.75%,10.39%,22.59%,-,NDN,2024-03-31 00:00:00,11.9,NDN
Q3 2023,56175,27581,385.00,-,1382876,307223,1075653,15014.65,730911,4.76,2.35,0.68,-,25.19%,21.01%,-,NDN,2023-09-30 00:00:00,10.2,NDN
Q2 2023,97347,61238,855.00,-,1384524,336453,1048071,14633.04,673585,6.93,2.63,0.64,-,37.34%,14.43%,-,NDN,2023-06-30 00:00:00,9.4,NDN
Q1 2023,156287,83712,1168.00,-,-,-,896654,12512.71,530269,-6.77,3.32,0.59,-0.35%,-8.96%,-14.77%,-,NDN,2023-03-31 00:00:00,7.4,NDN
Q4 2022,1042,-18974,-264.79,-,1497218,600564,896654,12512.71,501606,-,146.50,0.56,-0.10%,-14.15%,-27.62%,-,NDN,2022-12-31 00:00:00,7.0,NDN
Q3 2022,1114,-28765,-,-,1412774,616169,796606,-,637756,-,8.53,0.80,-0.16%,-51.54%,-15.41%,-,NDN,2022-09-30 00:00:00,8.9,NDN
Q2 2022,1124,-114284,-,-,1398621,568850,829770,-,759574,-,2.75,0.92,-0.23%,9.42%,1.57%,-,NDN,2022-06-30 00:00:00,10.6,NDN
Q1 2022,144.28,23463,-,-,1522000,577945,944055,-,1168024,5.54,2.54,1.24,-,-,18.07%,-,NDN,2022-03-31 00:00:00,16.3,NDN
Q4 2021,72342,21327,-,-,1591019,543166,1047853,-,1404496,5.96,2.76,1.34,-,-,16.78%,-,NDN,2021-12-31 00:00:00,17.63,NDN
Q3 2021,202593,81392,-,-,-,-,-,-,1490485,5.22,2.48,-,-,-,19.16%,-,NDN,2021-09-30 00:00:00,17.87,NDN
Q2 2021,184665,84840,-,-,2123237,1009978,1113259,-,1433166,3.79,1.63,1.29,-,-,26.38%,-,NDN,2021-06-30 00:00:00,16.1,NDN
Q1 2021,49827,48133,-,-,-,-,-,-,1595176,4.31,1.75,-,6.54%,29.73%,23.20%,-,NDN,2021-03-31 00:00:00,17.92,NDN
Q4 2020,165041,71277,-,1304.348,2220388,1238981,981408,-,1383317,4.25,1.60,1.41,18.78%,83.12%,23.54%,8.39%,NDN,2020-12-31 00:00:00,15.54,NDN
Q3 2020,481779,173748,-,-,2332725,1413432,919293,-,1152764,4.33,1.62,1.25,7.31%,43.05%,23.11%,-,NDN,2020-09-30 00:00:00,12.95,NDN
Q2 2020,213484,76862,-,-,2358205,1605816,752389,-,838817,7.76,3.52,1.11,0.05%,2.23%,12.88%,-,NDN,2020-06-30 00:00:00,9.42,NDN
Q1 2020,6972,3712,-,-,2176624,1501077,675547,-,637501,10.97,14.18,0.94,0.15%,7.35%,9.12%,-,NDN,2020-03-31 00:00:00,7.16,NDN
Q4 2023,,,,,,,,,,,,,,,,,NDN,2023-12-31 00:00:00,9.7,NDN
Q4 2019,,,,,,,,,,,,,,,,,NDN,2019-12-31 00:00:00,9.48,NDN
Q3 2024,1539648,27896,538.00,-,2583759,1971987,611772,11803.68,673763,7.71,0.11,1.10,-,12.95%,12.96%,-,PSD,2024-09-30 00:00:00,12.1,PSD
Q2 2024,1424824,18317,353.50,-,2717748,2133844,583904,11265.45,668580,9.27,0.11,1.15,-,-,10.79%,-,PSD,2024-06-30 00:00:00,12.01,PSD
Q1 2024,1424824,18317,353.50,-,-,-,547320,10559.36,720408,12.06,0.11,1.32,-,-,8.29%,-,PSD,2024-03-31 00:00:00,12.94,PSD
Q4 2023,1711672,22810,449.00,-,3144837,2597517,547320,10559.36,694494,12.54,0.11,1.27,-,-,7.97%,-,PSD,2023-12-31 00:00:00,11.83,PSD
Q3 2023,1683931,12716,253.60,-,-,-,-,-,667545,14.56,0.10,-,-,4.51%,6.87%,-,PSD,2023-09-30 00:00:00,11.37,PSD
Q2 2023,1518981,5883,117.60,-,3089854,2550188,539666,10831.05,686063,10.51,0.09,1.27,-,11.20%,9.52%,-,PSD,2023-06-30 00:00:00,12.15,PSD
Q1 2023,1684454,13954,280.00,-,-,-,511048,10271.34,538480,6.14,0.07,1.05,3.03%,10.28%,16.28%,-,PSD,2023-03-31 00:00:00,9.54,PSD
Q4 2022,2084257,13280,260.92,640.000,3441587,2930539,511048,10271.34,682075,6.17,0.08,1.33,3.93%,25.03%,16.21%,5.57%,PSD,2022-12-31 00:00:00,11.49,PSD
Q3 2022,2654516,32183,645.54,-,3242118,2710510,531608,10685.59,690359,4.60,0.08,1.30,5.26%,23.44%,22.16%,-,PSD,2022-09-30 00:00:00,11.63,PSD
Q2 2022,1663653,28244,566.77,-,2710163,2212680,497483,10001.84,671949,4.31,0.08,1.35,3.89%,32.94%,23.65%,-,PSD,2022-06-30 00:00:00,11.32,PSD
Q1 2022,2234934,36884,739.69,-,2747501,2278040,469461,9601.13,1304011,8.59,0.15,2.78,6.49%,46.77%,11.87%,-,PSD,2022-03-31 00:00:00,21.96,PSD
Q4 2021,2610172,55677,1066.79,923.077,2586614,2156853,429760,8885.23,1000641,7.13,0.12,2.33,6.41%,35.98%,14.32%,5.63%,PSD,2021-12-31 00:00:00,16.39,PSD
Q3 2021,2337508,38115,771.08,-,2518751,2080202,438549,8739.68,924605,10.26,0.12,2.11,-,-,9.87%,-,PSD,2021-09-30 00:00:00,15.14,PSD
Q2 2021,1675211,24089,487.38,-,1700317,1299521,400796,7969.64,507924,6.85,0.06,1.27,-,29.23%,14.83%,-,PSD,2021-06-30 00:00:00,8.32,PSD
Q1 2021,1972515,25420,514.46,-,-,-,350552,6912.67,501841,7.94,0.06,1.43,1.15%,-0.42%,12.83%,-,PSD,2021-03-31 00:00:00,8.22,PSD
Q4 2020,1885150,3621,49.76,615.385,2420440,2069888,350552,6912.67,462777,8.38,0.06,1.32,2.96%,20.98%,12.18%,8.71%,PSD,2020-12-31 00:00:00,7.06,PSD
Q3 2020,2906085,22188,446.15,-,2994697,2608817,385880,7550.54,315385,5.44,0.04,0.82,1.55%,12.07%,18.39%,-,PSD,2020-09-30 00:00:00,4.82,PSD
Q2 2020,1590852,13153,264.62,-,3027987,2661485,366502,7115.17,290889,5.58,0.05,0.79,3.61%,18.52%,17.92%,-,PSD,2020-06-30 00:00:00,4.44,PSD
Q1 2020,1855827,17419,350.15,-,2818860,2463256,355604,6845.22,287827,7.48,0.05,0.81,Upgrade,Upgrade,13.36%,-,PSD,2020-03-31 00:00:00,4.4,PSD
Q4 2019,,,,,,,,,,,,,,,,,PSD,2019-12-31 00:00:00,5.39,PSD
Q3 2024,293087,15711,262.00,-,879000,33883,845117,14106.40,694958,10.68,0.77,0.82,-,7.00%,9.37%,-,DXP,2024-09-30 00:00:00,11.6,DXP
Q2 2024,184092,14607,244.00,-,994911,165514,829397,13844.02,772841,12.90,1.20,0.93,-,5.03%,7.75%,-,DXP,2024-06-30 00:00:00,12.9,DXP
Q1 2024,102571,10557,176.00,-,-,-,838711,13999.49,856715,15.21,1.77,1.02,6.12%,11.72%,6.57%,-,DXP,2024-03-31 00:00:00,13.79,DXP
Q4 2023,325467,24217,404.00,500.000,982633,143922,838711,13999.49,766850,13.77,1.88,0.91,2.21%,5.34%,7.26%,4.05%,DXP,2023-12-31 00:00:00,12.35,DXP
Q3 2023,30553,10536,193.00,-,878373,63818,814554,13596.13,702591,19.31,5.88,0.86,-,6.64%,5.18%,-,DXP,2023-09-30 00:00:00,11.31,DXP
Q2 2023,25518,11009,183.64,-,785278,21963,763315,14558.54,359465,10.59,3.13,0.47,-,-,9.44%,-,DXP,2023-06-30 00:00:00,10.29,DXP
Q1 2023,27328,9911,165.45,-,-,-,563193,17378.20,282858,7.96,2.48,0.50,-,-,12.56%,-,DXP,2023-03-31 00:00:00,8.1,DXP
Q4 2022,36107,4920,163.64,454.546,585769,22576,563193,17378.20,240082,6.93,2.23,0.43,-,-,14.43%,6.61%,DXP,2022-12-31 00:00:00,6.87,DXP
Q3 2022,25884,8102,250.00,-,-,-,-,-,332841,7.75,3.57,-,3.08%,9.24%,12.90%,-,DXP,2022-09-30 00:00:00,9.53,DXP
Q2 2022,24612,12585,388.05,-,570465,20294,550171,16963.94,354667,6.27,3.83,0.64,1.74%,6.84%,15.94%,-,DXP,2022-06-30 00:00:00,10.16,DXP
Q1 2022,21223,9038,278.62,-,555705,16619,539086,16618.70,616574,11.09,7.06,1.14,2.57%,10.36%,9.02%,-,DXP,2022-03-31 00:00:00,17.65,DXP
Q4 2021,21520,13227,428.45,-,533806,16604,517202,16753.24,545728,10.07,6.27,1.06,1.71%,17.60%,9.93%,-,DXP,2021-12-31 00:00:00,16.4,DXP
Q3 2021,25263,21701,702.86,-,533750,29775,503975,16322.77,509346,8.31,6.18,1.01,3.86%,9.75%,12.03%,-,DXP,2021-09-30 00:00:00,15.31,DXP
Q2 2021,19298,11635,377.10,-,501124,18850,482273,15630.66,413194,7.26,4.97,0.86,1.10%,6.50%,13.77%,-,DXP,2021-06-30 00:00:00,12.42,DXP
Q1 2021,20986,7612,246.63,-,489861,17723,472138,15296.78,465168,8.12,4.76,0.99,5.15%,17.89%,12.32%,-,DXP,2021-03-31 00:00:00,13.98,DXP
Q4 2020,16911,20315,658.25,-,483346,19077,464269,15043.62,449576,7.93,4.19,0.97,1.34%,15.93%,12.61%,-,DXP,2020-12-31 00:00:00,13.51,DXP
Q3 2020,25895,17343,561.45,-,483128,39022,444106,14377.34,356023,6.78,2.85,0.80,4.71%,11.43%,14.76%,-,DXP,2020-09-30 00:00:00,10.7,DXP
Q2 2020,34005,12025,389.73,-,461545,34782,426763,13830.93,259871,5.59,2.08,0.61,1.50%,6.81%,17.88%,-,DXP,2020-06-30 00:00:00,7.81,DXP
Q1 2020,30561,7002,226.43,-,441100,26362,414738,13412.32,228686,5.31,1.89,0.55,Upgrade,Upgrade,18.83%,-,DXP,2020-03-31 00:00:00,6.87,DXP
Q4 2019,,,,,,,,,,,,,,,,,DXP,2019-12-31 00:00:00,8.98,DXP
Q3 2024,633199,-26226,-212.00,-,3324942,2178614,1146328,9277.52,654867,-,0.26,0.57,-2.51%,-13.45%,-23.52%,-,BTS,2024-09-30 00:00:00,5.3,BTS
Q2 2024,691681,-40167,-325.47,-,3406809,2230568,1176241,9519.60,667223,-,0.27,0.57,-3.16%,-17.89%,-23.91%,-,BTS,2024-06-30 00:00:00,5.4,BTS
Q1 2024,514953,-55481,-449.02,-,3528916,2316195,1212721,9814.85,679579,-,0.28,0.56,-2.02%,-9.87%,-20.10%,-,BTS,2024-03-31 00:00:00,5.5,BTS
Q4 2023,686283,-32157,-260.18,-,3498582,2230379,1268202,10263.87,679579,-,0.26,0.54,-1.29%,-9.38%,-14.16%,-,BTS,2023-12-31 00:00:00,5.5,BTS
Q3 2023,544605,-31746,-257.00,-,3618072,2280879,1337193,10822.23,679579,-,0.25,0.51,-0.25%,-4.96%,-9.63%,-,BTS,2023-09-30 00:00:00,5.5,BTS
Q2 2023,689616,-17223,-139.00,-,3638346,2269329,1369017,11079.79,815495,-,0.28,0.60,0.03%,-4.28%,-3.15%,-,BTS,2023-06-30 00:00:00,6.29,BTS
Q1 2023,652795,-15129,-122.44,-,3382988,1976336,1406652,11384.38,704291,-,0.23,0.50,0.27%,-0.38%,3.00%,-,BTS,2023-03-31 00:00:00,5.43,BTS
Q4 2022,787045,-1368,-174.49,300.000,3324553,1902694,1421859,11507.45,815495,-,0.26,0.57,0.87%,2.18%,6.61%,4.77%,BTS,2022-12-31 00:00:00,6.29,BTS
Q3 2022,804503,8022,65.00,-,3312779,1840050,1472729,11919.15,889631,18.57,0.28,0.60,3.33%,8.11%,8.81%,-,BTS,2022-09-30 00:00:00,6.86,BTS
Q2 2022,795592,29602,240.00,-,3253880,1789095,1464785,11854.86,951411,29.48,0.31,0.65,2.38%,4.87%,6.60%,-,BTS,2022-06-30 00:00:00,7.0,BTS
Q1 2022,737932,17674,143.04,-,3214379,1758502,1455877,11782.77,1915178,81.74,0.63,1.32,2.55%,6.46%,2.82%,-,BTS,2022-03-31 00:00:00,14.08,BTS
Q4 2021,853896,23115,-59.86,400.000,3070876,1622711,1448165,11720.35,1420938,-,0.48,0.98,0.27%,-2.15%,3.39%,3.83%,BTS,2021-12-31 00:00:00,10.45,BTS
Q3 2021,657326,-7614,-62.00,-,3289459,1876019,1413441,11439.32,1495074,-,0.51,1.06,3.01%,5.87%,-0.34%,-,BTS,2021-09-30 00:00:00,10.99,BTS
Q2 2021,785891,20755,168.00,-,3304264,1883135,1421129,11501.54,889631,141.96,0.29,0.63,2.13%,3.41%,1.67%,-,BTS,2021-06-30 00:00:00,6.54,BTS
Q1 2021,682705,11955,96.76,-,3377497,1968473,1409024,11403.58,716647,78.15,0.23,0.51,-0.79%,-8.58%,2.48%,-,BTS,2021-03-31 00:00:00,5.27,BTS
Q4 2020,808818,-30247,-314.72,-,3261997,1864886,1397111,11307.16,580731,-,0.19,0.42,2.12%,3.50%,2.97%,-,BTS,2020-12-31 00:00:00,4.27,BTS
Q3 2020,770208,12412,100.49,-,3504546,2079929,1424617,11529.70,556023,20.66,0.18,0.39,2.19%,6.68%,10.78%,-,BTS,2020-09-30 00:00:00,4.09,BTS
Q2 2020,795859,23658,191.26,-,3548407,2136160,1412247,11429.59,443859,17.08,0.14,0.31,2.50%,3.23%,13.30%,-,BTS,2020-06-30 00:00:00,3.26,BTS
Q1 2020,688662,11448,92.65,-,3564574,2142888,1421686,11505.98,455855,29.87,0.14,0.32,Upgrade,Upgrade,10.60%,-,BTS,2020-03-31 00:00:00,3.35,BTS
Q4 2019,,,,,,,,,,,,,,,,,BTS,2019-12-31 00:00:00,3.79,BTS
Q3 2024,598064,2741,113.00,-,2861660,2008352,853308,30807.91,558297,4.31,0.28,0.65,9.87%,35.64%,24.11%,-,SJE,2024-09-30 00:00:00,23.1,SJE
Q2 2024,934023,69417,2872.00,-,2777804,1935920,841884,30738.41,650138,4.38,0.43,0.77,6.12%,17.38%,23.59%,-,SJE,2024-06-30 00:00:00,26.9,SJE
Q1 2024,165404,31614,1308.00,-,2416067,1642043,774024,27855.74,509960,5.70,0.71,0.66,7.90%,19.30%,18.52%,-,SJE,2024-03-31 00:00:00,21.1,SJE
Q4 2023,266985,30851,1095.97,-,1917897,1166600,751297,26729.38,507543,6.99,0.73,0.68,7.50%,15.33%,15.29%,-,SJE,2023-12-31 00:00:00,21.0,SJE
Q3 2023,135492,21500,918.00,-,1810381,1094163,716219,25453.41,555880,12.98,0.80,0.78,5.92%,6.72%,7.70%,-,SJE,2023-09-30 00:00:00,23.0,SJE
Q2 2023,152773,10471,432.73,-,1837026,1146892,690134,24599.95,509746,12.03,0.66,0.74,5.34%,9.27%,8.31%,-,SJE,2023-06-30 00:00:00,21.09,SJE
Q1 2023,140902,14760,610.91,-,1857763,1170651,687112,24182.55,573465,10.63,0.68,0.83,3.22%,-0.01%,9.41%,-,SJE,2023-03-31 00:00:00,23.73,SJE
Q4 2022,262761,-3916,-162.73,-,1928054,1236432,691622,24157.05,569070,-,0.63,0.82,5.86%,15.12%,11.67%,-,SJE,2022-12-31 00:00:00,23.55,SJE
Q3 2022,212003,21065,871.82,-,1995584,1304090,691494,24319.08,571267,7.73,0.69,0.83,-,-,12.93%,-,SJE,2022-09-30 00:00:00,23.17,SJE
Q2 2022,228486,22030,911.82,-,2003628,1328630,674998,23647.33,604225,8.91,0.81,0.90,-,-,11.23%,-,SJE,2022-06-30 00:00:00,24.51,SJE
Q1 2022,204972,27250,160.91,-,-,-,-,-,577859,12.47,0.74,-,4.10%,5.70%,8.02%,-,SJE,2022-03-31 00:00:00,23.44,SJE
Q4 2021,181542,3542,147.27,909.091,2127120,1468074,659046,23032.59,648169,15.71,0.91,0.98,4.91%,11.39%,6.37%,3.60%,SJE,2021-12-31 00:00:00,25.28,SJE
Q3 2021,129585,15027,625.45,-,2113220,1460320,652900,22898.86,428451,11.20,0.55,0.66,3.13%,2.33%,8.93%,-,SJE,2021-09-30 00:00:00,16.39,SJE
Q2 2021,264814,507.25,20.91,-,2185161,1551757,633404,22227.69,384507,13.54,0.48,0.61,5.75%,14.53%,7.39%,-,SJE,2021-06-30 00:00:00,14.71,SJE
Q1 2021,134575,22184,920.00,-,2109926,1458255,651672,22704.58,377915,10.61,0.52,0.58,4.94%,4.10%,9.43%,-,SJE,2021-03-31 00:00:00,14.46,SJE
Q4 2020,255822,542.83,22.73,454.546,2169727,1538987,630740,21875.27,430651,26.91,0.62,0.68,4.26%,5.33%,3.72%,2.76%,SJE,2020-12-31 00:00:00,16.47,SJE
Q3 2020,144611,5168,213.64,-,2185473,1556938,628536,21921.82,428451,9.02,0.63,0.68,3.60%,6.22%,11.09%,-,SJE,2020-09-30 00:00:00,16.39,SJE
Q2 2020,197260,7732,296.97,-,2196139,1575667,620471,21710.32,342397,6.75,0.48,0.55,3.44%,1.06%,14.82%,-,SJE,2020-06-30 00:00:00,12.51,SJE
Q1 2020,93038,2559,106.06,-,2201083,1562273,638810,22303.19,311270,5.12,0.44,0.49,Upgrade,Upgrade,19.52%,-,SJE,2020-03-31 00:00:00,11.37,SJE
Q4 2019,,,,,,,,,,,,,,,,,SJE,2019-12-31 00:00:00,11.05,SJE
Q3 2024,196958,12940,1074.00,-,287877,120101,167775,13925.01,608353,14.88,0.84,3.63,12.30%,27.22%,8.17%,-,SAF,2024-09-30 00:00:00,48.27,SAF
Q2 2024,172069,11691,970.00,-,261529,106693,154835,12846.46,638469,15.28,0.87,4.12,-,-,7.93%,-,SAF,2024-06-30 00:00:00,50.66,SAF
Q1 2024,173882,11863,985.00,-,283465,94653,188812,15677.89,733637,18.06,0.95,3.89,-,-,6.74%,-,SAF,2024-03-31 00:00:00,58.21,SAF
Q4 2023,181850,13220,364.36,3000.000,257956,81006,176950,14682.48,625218,14.75,0.79,3.53,-,-,8.19%,6.38%,SAF,2023-12-31 00:00:00,47.0,SAF
Q3 2023,209863,13833,1148.00,-,-,-,-,-,557757,11.18,0.70,-,9.73%,24.79%,8.95%,-,SAF,2023-09-30 00:00:00,41.93,SAF
Q2 2023,207532,10525,874.00,-,266115,116218,149897,12447.68,634855,12.58,0.78,4.24,-,-,7.95%,-,SAF,2023-06-30 00:00:00,47.72,SAF
Q1 2023,193559,13631,1356.00,-,292041,102297,189744,18875.14,864945,16.72,1.09,4.56,12.34%,28.01%,5.98%,-,SAF,2023-03-31 00:00:00,61.62,SAF
Q4 2022,185755,11916,539.50,-,274954,98841,176113,7973.71,740865,14.33,0.93,4.21,14.82%,36.68%,6.98%,-,SAF,2022-12-31 00:00:00,52.78,SAF
Q3 2022,225472,14398,1195.33,-,279185,114988,164197,13632.07,583236,11.87,0.73,3.55,12.08%,28.87%,8.42%,-,SAF,2022-09-30 00:00:00,41.55,SAF
Q2 2022,192061,11800,979.13,-,254200,104401,149799,12430.39,653626,13.01,0.78,4.36,14.22%,31.90%,7.69%,-,SAF,2022-06-30 00:00:00,46.56,SAF
Q1 2022,189405,13590,1127.71,-,278460,101274,177186,14703.07,623459,12.58,0.72,3.52,-,-,7.95%,-,SAF,2022-03-31 00:00:00,44.41,SAF
Q4 2021,194528,9337,775.46,2504.174,257131,93535,163596,13586.53,631504,12.78,0.65,3.86,-,-,7.82%,5.84%,SAF,2021-12-31 00:00:00,42.91,SAF
Q3 2021,259205,15505,1287.15,-,-,-,-,-,608375,11.83,0.60,-,-,-,8.45%,-,SAF,2021-09-30 00:00:00,41.33,SAF
Q2 2021,217466,11135,924.04,-,241244,102491,138753,11514.23,573180,11.91,0.55,4.13,-,35.14%,8.40%,-,SAF,2021-06-30 00:00:00,38.94,SAF
Q1 2021,294938,13434,1115.19,-,-,-,152912,12698.74,595303,12.39,0.55,3.89,13.97%,30.86%,8.07%,-,SAF,2021-03-31 00:00:00,38.37,SAF
Q4 2020,250800,11358,943.24,-,223823,70911,152912,12698.74,521895,11.29,0.49,3.41,14.94%,36.03%,8.86%,-,SAF,2020-12-31 00:00:00,33.64,SAF
Q3 2020,279568,12200,1012.52,-,246711,105157,141554,11747.77,613403,13.48,0.56,4.33,-,33.17%,7.42%,-,SAF,2020-09-30 00:00:00,39.54,SAF
Q2 2020,262529,11068,919.03,-,222055,92701,129354,10740.74,460555,10.72,0.42,3.56,-,33.72%,9.33%,-,SAF,2020-06-30 00:00:00,29.69,SAF
Q1 2020,277800,11600,818.45,-,-,-,137597,11424.02,394324,9.45,0.37,2.87,Upgrade,Upgrade,10.58%,-,SAF,2020-03-31 00:00:00,24.33,SAF
Q4 2019,,,,,,,,,,,,,,,,,SAF,2019-12-31 00:00:00,27.4,SAF
Q3 2024,40935,-6658,-79.00,-,2125697,1225243,900454,10414.28,773573,-,3.99,0.86,-,-3.03%,-5.75%,-,API,2024-09-30 00:00:00,9.2,API
Q2 2024,59063,-7031,-84.00,-,2132042,1219449,912593,10558.93,613813,-,3.08,0.67,-,-4.00%,-9.03%,-,API,2024-06-30 00:00:00,7.3,API
Q1 2024,46971,-9403,-112.00,-,-,-,938427,10866.84,437237,-,2.42,0.47,-,-,-12.99%,-,API,2024-03-31 00:00:00,5.2,API
Q4 2023,47021,-21420,-255.00,-,2293195,1354768,938427,10866.84,479279,-,2.45,0.51,-,-,-8.96%,-,API,2023-12-31 00:00:00,5.7,API
Q3 2023,46444,-17545,-209.00,-,-,-,-,-,504504,-,2.00,-,-0.52%,-3.41%,2.70%,-,API,2023-09-30 00:00:00,6.0,API
Q2 2023,40295,-8423,-100.17,-,2375783,1394599,981183,11399.08,639038,-,2.07,0.65,1.36%,1.79%,10.38%,-,API,2023-06-30 00:00:00,7.6,API
Q1 2023,62204,4422,53.00,-,2397417,1407835,989582,11589.11,714714,9.23,1.30,0.72,-0.24%,14.30%,10.83%,-,API,2023-03-31 00:00:00,8.5,API
Q4 2022,103261,35172,418.47,-,2534357,1549201,985157,11446.66,723122,5.97,0.92,0.73,-,-,16.75%,-,API,2022-12-31 00:00:00,8.6,API
Q3 2022,103261,35172,418.47,-,2534357,1549201,985157,11446.66,1278076,4.88,1.46,1.30,-,-,20.49%,-,API,2022-09-30 00:00:00,15.2,API
Q2 2022,281823,2636,31.36,-,2592685,1696792,895893,10610.06,1318590,3.73,1.51,1.47,-,-,26.82%,-,API,2022-06-30 00:00:00,15.68,API
Q1 2022,294258,48151,615.91,-,-,-,-,-,2767128,7.63,3.80,-,1.52%,83.55%,13.11%,-,API,2022-03-31 00:00:00,32.91,API
Q4 2021,194606,175940,2092.43,136.364,2398519,1556241,842279,10017.11,2766400,8.34,4.10,3.28,1.25%,72.10%,11.99%,0.39%,API,2021-12-31 00:00:00,34.54,API
Q3 2021,103713,126917,1509.41,-,2398519,1556241,842279,10017.11,1593000,9.36,2.51,1.89,2.36%,8.43%,10.69%,-,API,2021-09-30 00:00:00,20.32,API
Q2 2021,135927,11789,151.36,-,2749883,2183974,565909,7217.98,732780,12.69,1.18,1.29,1.77%,12.42%,7.88%,-,API,2021-06-30 00:00:00,9.35,API
Q1 2021,241174,17036,218.64,-,2700165,2146062,554103,7063.74,849600,12.96,1.41,1.53,0.98%,10.71%,7.71%,-,API,2021-03-31 00:00:00,10.84,API
Q4 2020,154721,14484,185.91,-,2913363,2370541,542822,6919.70,495600,8.23,1.01,0.91,1.23%,10.86%,12.16%,-,API,2020-12-31 00:00:00,6.32,API
Q3 2020,88090,14423,185.00,-,2790130,2250843,539288,6869.42,350460,3.91,0.56,0.65,1.70%,15.24%,25.59%,-,API,2020-09-30 00:00:00,4.33,API
Q2 2020,118751,19592,251.36,-,2747716,2223459,524257,6725.67,329220,5.11,0.56,0.63,1.54%,9.41%,19.56%,-,API,2020-06-30 00:00:00,4.07,API
Q1 2020,128474,11751,-,-,2661633,2156972,504661,-,276120,8.14,0.55,0.55,Upgrade,Upgrade,12.28%,-,API,2020-03-31 00:00:00,3.41,API
Q4 2019,,,,,,,,,,,,,,,,,API,2019-12-31 00:00:00,3.98,API
Q3 2024,359259,23623,343.75,-,2790971,1860596,930374,13292.90,550155,14.38,0.46,0.59,-,2.81%,6.95%,-,VC2,2024-09-30 00:00:00,8.0,VC2
Q2 2024,238219,6437,96.00,-,2808794,1916582,892212,13041.81,577915,30.58,0.56,0.65,-,1.79%,3.27%,-,VC2,2024-06-30 00:00:00,8.6,VC2
Q1 2024,257256,4056,60.50,-,-,-,892538,6876.33,752633,42.82,0.64,0.84,-1.67%,2.27%,2.34%,-,VC2,2024-03-31 00:00:00,11.2,VC2
Q4 2023,339018,4140,32.72,-,2836384,1943846,892538,6876.33,712314,41.42,0.60,0.80,2.23%,2.82%,2.41%,-,VC2,2023-12-31 00:00:00,10.6,VC2
Q3 2023,200198,4265,90.00,-,2548408,1859509,688899,14107.19,533353,74.65,0.43,0.77,-,3.09%,1.34%,-,VC2,2023-09-30 00:00:00,11.3,VC2
Q2 2023,386624,5117,109.00,-,2569671,1885151,684520,14026.68,618312,32.92,0.51,0.90,-,2.23%,3.04%,-,VC2,2023-06-30 00:00:00,13.1,VC2
Q1 2023,254888,3676,78.00,-,-,-,675234,13870.93,420075,20.46,0.41,0.62,-0.08%,-3.01%,4.89%,-,VC2,2023-03-31 00:00:00,8.9,VC2
Q4 2022,405111,-5912,-125.53,-,2294361,1619127,675234,13870.93,387035,-,0.40,0.57,1.28%,9.90%,6.87%,-,VC2,2022-12-31 00:00:00,8.2,VC2
Q3 2022,173101,15904,337.00,-,2310810,1617352,693458,14310.41,859029,13.40,1.01,1.24,-,-,7.46%,-,VC2,2022-09-30 00:00:00,18.2,VC2
Q2 2022,185112,6869,98.00,-,2225428,1555177,670250,13973.47,1099760,17.98,1.25,1.64,-,-,5.56%,-,VC2,2022-06-30 00:00:00,23.3,VC2
Q1 2022,195706,9743,206.50,-,-,-,-,-,2608000,39.20,2.88,-,-,-,2.55%,-,VC2,2022-03-31 00:00:00,55.26,VC2
Q4 2021,296664,31570,556.83,-,2189381,1552281,637101,11100.36,2600000,43.37,2.94,4.08,-,-,2.31%,-,VC2,2021-12-31 00:00:00,55.09,VC2
Q3 2021,201553,12994,867.00,-,-,-,-,-,541500,14.47,0.54,-,0.61%,15.70%,6.91%,-,VC2,2021-09-30 00:00:00,30.59,VC2
Q2 2021,212781,12228,690.68,-,1738342,1433695,304647,16821.94,271500,11.03,0.27,0.89,-0.98%,3.94%,9.07%,-,VC2,2021-06-30 00:00:00,15.34,VC2
Q1 2021,174143,3152,177.97,-,1586443,1271952,314490,17337.13,202500,10.95,0.18,0.64,4.03%,12.22%,9.13%,-,VC2,2021-03-31 00:00:00,10.55,VC2
Q4 2020,413666,9037,511.02,1016.949,1671296,1359956,311340,17166.09,159000,9.94,0.13,0.51,1.63%,0.09%,10.06%,12.28%,VC2,2020-12-31 00:00:00,8.28,VC2
Q3 2020,195876,204.47,11.02,-,1630296,1328318,301978,15884.58,187500,31.09,0.15,0.62,3.04%,9.15%,3.22%,-,VC2,2020-09-30 00:00:00,9.77,VC2
Q2 2020,312670,6096,344.92,-,1685943,1402029,283914,15650.85,189000,7.91,0.14,0.67,-,-,12.65%,-,VC2,2020-06-30 00:00:00,9.85,VC2
Q1 2020,262646,662.02,37.29,-,1743325,1465572,277753,15246.31,201000,8.33,0.14,0.72,Upgrade,Upgrade,12.00%,-,VC2,2020-03-31 00:00:00,9.65,VC2
Q4 2019,,,,,,,,,,,,,,,,,VC2,2019-12-31 00:00:00,14.33,VC2
Q1 2024,171894,1685,101.22,-,708639,350728,357911,21503.80,865493,-66.28,1.00,2.42,1.11%,-10.07%,-1.51%,-,VNT,2024-03-31 00:00:00,52.0,VNT
Q4 2023,261744,-5473,-344.00,-,652612,435117,217495,13067.39,559242,-,0.62,2.57,1.20%,-10.18%,-2.95%,-,VNT,2023-12-31 00:00:00,33.6,VNT
Q3 2023,241195,-5681,-346.13,-,652612,435117,217495,13067.39,855507,-,0.91,3.93,0.58%,-6.22%,-2.10%,-,VNT,2023-09-30 00:00:00,51.4,VNT
Q2 2023,187376,-3588,-223.00,-,631478,402622,228857,13750.02,957036,-,0.89,4.18,4.17%,-3.44%,-1.68%,-,VNT,2023-06-30 00:00:00,57.5,VNT
Q1 2023,209761,-1758,-124.00,-,607237,374792,232445,13965.59,1008593,-,0.71,4.34,4.21%,-15.54%,-1.21%,-,VNT,2023-03-31 00:00:00,60.8,VNT
Q4 2022,297346,-6966,-596.00,-,703593,527758,175836,14784.05,786167,-,0.44,4.47,2.43%,-8.11%,-1.31%,-,VNT,2022-12-31 00:00:00,66.1,VNT
Q3 2022,386681,-3743,-325.00,-,760811,578010,182802,15369.74,950299,-,0.41,5.20,4.25%,0.55%,2.62%,-,VNT,2022-09-30 00:00:00,79.9,VNT
Q2 2022,517041,263.98,22.20,-,739760,553215,186544,15684.42,975276,41.32,0.37,5.23,5.35%,0.26%,2.42%,-,VNT,2022-06-30 00:00:00,82.0,VNT
Q1 2022,602517,130.81,-,-,736240,538364,197876,-,850393,45.86,0.32,4.30,-,-,2.18%,-,VNT,2022-03-31 00:00:00,70.56,VNT
Q4 2021,829705,28288,2368.00,1000.000,792028,593775,198253,16668.91,941974,85.51,0.37,4.75,-,-,1.17%,1.28%,VNT,2021-12-31 00:00:00,78.16,VNT
Q3 2021,663063,-5081,-438.00,-,-,-,-,-,820659,-,0.39,-,4.78%,-10.82%,-3.59%,-,VNT,2021-09-30 00:00:00,68.1,VNT
Q2 2021,597510,-4794,-414.00,-,765431,590385,175047,14717.72,597059,-,0.34,3.41,3.30%,-16.16%,-4.05%,-,VNT,2021-06-30 00:00:00,49.54,VNT
Q1 2021,454067,-7396,-632.00,-,677100,497751,179349,15079.46,893210,-,0.61,4.98,3.99%,-25.28%,-1.96%,-,VNT,2021-03-31 00:00:00,74.12,VNT
Q4 2020,388619,-12184,-1035.00,-,641540,454835,186705,15697.92,856340,-,0.69,4.59,3.65%,0.42%,-1.12%,-,VNT,2020-12-31 00:00:00,71.06,VNT
Q3 2020,316530,207.21,14.89,-,588996,390107,198889,16722.35,708859,202.32,0.63,3.56,-,-,0.49%,-,VNT,2020-09-30 00:00:00,58.82,VNT
Q2 2020,294456,1832,131.00,-,559083,360401,198682,16704.93,725510,138.60,0.70,3.65,-,-,0.72%,-,VNT,2020-06-30 00:00:00,60.2,VNT
Q1 2020,239365,534.6,38.00,-,-,-,-,-,453146,81.31,0.46,-,3.90%,1.75%,1.23%,-,VNT,2020-03-31 00:00:00,36.8,VNT
Q3 2024,,,,,,,,,,,,,,,,,VNT,2024-09-30 00:00:00,38.2,VNT
Q2 2024,,,,,,,,,,,,,,,,,VNT,2024-06-30 00:00:00,44.5,VNT
Q4 2019,,,,,,,,,,,,,,,,,VNT,2019-12-31 00:00:00,37.19,VNT
Q1 2024,126099,21504,-,-,195261,27040,168221,-,406219,6.75,0.93,2.41,-,-,14.81%,-,PHN,2024-03-31 00:00:00,51.2,PHN
Q4 2023,94057,12417,-,-,173379,26662,146717,-,313369,6.14,0.74,2.14,37.49%,50.84%,16.28%,-,PHN,2023-12-31 00:00:00,39.5,PHN
Q3 2023,125821,18649,-,-,179590,23528,156062,-,261141,5.58,0.56,1.67,17.08%,22.01%,17.91%,-,PHN,2023-09-30 00:00:00,30.88,PHN
Q2 2023,92073,7573,-,3000.000,157641,20248,137394,-,311193,7.97,0.70,2.26,-,-,12.55%,13.32%,PHN,2023-06-30 00:00:00,36.8,PHN
Q1 2023,111906,12382,-,-,151513,13725,137788,-,290156,7.63,0.64,2.11,19.56%,27.14%,13.10%,-,PHN,2023-03-31 00:00:00,33.48,PHN
Q3 2022,135079,8178,-,1900.000,156884,32270,124614,-,221244,8.63,0.65,1.78,23.22%,37.47%,11.59%,13.80%,PHN,2022-09-30 00:00:00,24.63,PHN
Q2 2022,108083,10934,-,-,169215,52779,116436,-,274198,11.51,0.98,2.35,16.26%,22.95%,8.69%,-,PHN,2022-06-30 00:00:00,30.53,PHN
Q1 2022,98177,6527,-,1500.000,144906,27874,117032,-,319172,14.98,1.18,2.73,-,-,6.67%,4.38%,PHN,2022-03-31 00:00:00,34.21,PHN
Q4 2021,-,-,-,-,170097,59588,110509,-,292333,-,-,2.65,-,-,-,-,PHN,2021-12-31 00:00:00,31.33,PHN
Q3 2021,74527,6362,-,-,-,-,-,-,282903,8.64,0.80,-,-,-,11.57%,-,PHN,2021-09-30 00:00:00,29.16,PHN
Q2 2021,97487,8413,-,-,-,-,-,-,245182,6.44,0.66,-,22.01%,27.75%,15.53%,-,PHN,2021-06-30 00:00:00,25.27,PHN
Q1 2021,87067,7866,-,800.000,135807,23994,111813,-,251711,6.90,0.72,2.25,28.54%,35.12%,14.49%,3.22%,PHN,2021-03-31 00:00:00,24.85,PHN
Q4 2020,94479,10091,1391.00,-,134840,19903,114937,15844.15,197306,5.22,0.57,1.72,33.58%,43.12%,19.14%,-,PHN,2020-12-31 00:00:00,18.51,PHN
Q3 2020,93227,11714,-,-,134840,19903,114937,-,208187,6.89,0.62,1.81,-,-,14.51%,-,PHN,2020-09-30 00:00:00,18.49,PHN
Q2 2020,75734,6802,-,-,119191,16801,102390,-,188602,7.75,0.57,1.84,-,37.45%,12.91%,-,PHN,2020-06-30 00:00:00,16.75,PHN
Q1 2020,84160,9157,-,-,-,-,97812,13491.25,190778,7.95,0.57,1.95,20.18%,9.95%,12.57%,-,PHN,2020-03-31 00:00:00,16.0,PHN
Q3 2024,,,,,,,,,,,,,,,,,PHN,2024-09-30 00:00:00,68.27,PHN
Q2 2024,,,,,,,,,,,,,,,,,PHN,2024-06-30 00:00:00,69.25,PHN
Q4 2022,,,,,,,,,,,,,,,,,PHN,2022-12-31 00:00:00,30.13,PHN
Q4 2019,,,,,,,,,,,,,,,,,PHN,2019-12-31 00:00:00,14.9,PHN
Q3 2024,11047,1745,55.83,-,2022239,1594708,427531,13529.48,542001,150.38,23.27,1.27,-,0.20%,0.66%,-,HLD,2024-09-30 00:00:00,17.15,HLD
Q2 2024,3986,204.45,6.33,-,592188,166865,425322,13459.57,498001,171.64,30.87,1.17,-,0.30%,0.58%,-,HLD,2024-06-30 00:00:00,15.76,HLD
Q1 2024,3432,302.5,9.49,-,-,-,409839,12969.58,570001,178.99,37.47,1.39,0.58%,1.32%,0.56%,-,HLD,2024-03-31 00:00:00,18.04,HLD
Q4 2023,4830,1353,43.04,-,590557,180719,409839,12969.58,512001,146.68,34.92,1.25,0.36%,1.00%,0.68%,-,HLD,2023-12-31 00:00:00,16.2,HLD
Q3 2023,3886,1042,32.88,-,590557,180719,409839,12969.58,554001,101.70,18.47,1.35,-,0.46%,0.98%,-,HLD,2023-09-30 00:00:00,17.53,HLD
Q2 2023,3063,487.48,15.19,-,584924,161995,422930,13383.86,600001,120.09,20.12,1.42,-,0.58%,0.83%,-,HLD,2023-06-30 00:00:00,18.99,HLD
Q1 2023,2882,608.71,19.30,-,-,-,422590,13373.12,544001,109.23,17.49,1.29,2.92%,3.04%,0.92%,-,HLD,2023-03-31 00:00:00,17.21,HLD
Q4 2022,20171,3310,104.43,-,609447,186857,422590,13373.12,572001,118.55,16.14,1.35,0.13%,0.53%,0.84%,-,HLD,2022-12-31 00:00:00,18.1,HLD
Q3 2022,3701,590.72,18.99,-,593362,145925,447437,14159.40,808002,129.40,20.89,1.81,-0.26%,0.42%,0.77%,-,HLD,2022-09-30 00:00:00,24.53,HLD
Q2 2022,4354,471.18,15.19,-,572336,125490,446846,14140.70,540001,83.68,11.90,1.21,0.61%,0.41%,1.20%,-,HLD,2022-06-30 00:00:00,16.39,HLD
Q1 2022,7224,453.54,14.56,-,551941,105519,446422,14127.28,970002,111.11,17.85,2.17,2.24%,4.52%,0.90%,-,HLD,2022-03-31 00:00:00,29.44,HLD
Q4 2021,23393,4729,149.37,759.494,573808,128154,445654,14102.99,786002,50.21,9.71,1.76,0.34%,0.76%,1.99%,3.18%,HLD,2021-12-31 00:00:00,23.86,HLD
Q3 2021,10402,799.53,25.32,-,645550,254987,390562,12359.57,680001,12.39,6.56,1.74,1.78%,2.47%,8.07%,-,HLD,2021-09-30 00:00:00,20.64,HLD
Q2 2021,13330,2748,45.73,-,618607,172133,446475,14128.94,680001,9.72,4.81,1.52,3.45%,6.70%,10.29%,-,HLD,2021-06-30 00:00:00,19.24,HLD
Q1 2021,33800,7378,233.54,-,620318,176544,443774,14043.49,620001,8.88,3.69,1.40,21.02%,38.06%,11.70%,-,HLD,2021-03-31 00:00:00,17.54,HLD
Q4 2020,46099,43978,1391.77,1582.278,612484,175978,436507,13813.51,508001,7.10,2.79,1.16,7.45%,13.20%,14.62%,11.01%,HLD,2020-12-31 00:00:00,14.37,HLD
Q3 2020,48229,15840,501.27,-,756205,268330,487875,15439.09,576001,12.32,1.87,1.18,2.42%,4.54%,8.58%,-,HLD,2020-09-30 00:00:00,14.11,HLD
Q2 2020,40001,5332,84.27,-,759846,287715,472131,14940.84,408001,5.53,1.02,0.86,3.72%,7.88%,18.74%,-,HLD,2020-06-30 00:00:00,10.0,HLD
Q1 2020,47700,9113,288.61,-,717930,250960,466971,14789.58,354001,4.59,0.84,0.76,Upgrade,Upgrade,22.33%,-,HLD,2020-03-31 00:00:00,8.67,HLD
Q4 2019,,,,,,,,,,,,,,,,,HLD,2019-12-31 00:00:00,8.08,HLD
Q4 2023,198351,8536,813.00,1500.000,424705,128838,295866,27917.44,545977,15.10,0.74,1.85,6.54%,12.92%,6.62%,3.07%,VNC,2023-12-31 00:00:00,48.83,VNC
Q3 2023,191884,9144,871.00,-,424705,128838,295866,27917.44,519728,14.35,0.73,1.76,-,-,6.97%,-,VNC,2023-09-30 00:00:00,46.49,VNC
Q2 2023,180616,9260,882.00,-,378576,100065,278512,26200.92,482980,13.36,0.72,1.73,-,-,7.49%,-,VNC,2023-06-30 00:00:00,43.2,VNC
Q1 2023,163013,9226,878.50,-,-,-,-,-,377984,10.59,0.57,-,7.70%,13.81%,9.44%,-,VNC,2023-03-31 00:00:00,32.92,VNC
Q4 2022,174322,8581,817.00,-,358802,82117,276685,26128.62,461981,12.94,0.74,1.67,7.97%,14.11%,7.73%,-,VNC,2022-12-31 00:00:00,40.23,VNC
Q3 2022,157281,9098,867.00,-,368274,100272,268002,25263.52,403183,12.30,0.65,1.50,8.26%,13.37%,8.13%,-,VNC,2022-09-30 00:00:00,35.11,VNC
Q2 2022,165743,8794,838.00,-,354008,95025,258982,24385.08,488230,15.54,0.82,1.89,8.74%,14.31%,6.44%,-,VNC,2022-06-30 00:00:00,42.52,VNC
Q1 2022,128302,9240,880.00,-,330967,65917,265050,25031.14,524978,16.54,0.89,1.98,6.03%,9.82%,6.04%,-,VNC,2022-03-31 00:00:00,44.85,VNC
Q4 2021,166093,5657,538.83,-,367889,110661,257229,24224.84,367485,11.72,0.62,1.43,-,-,8.53%,-,VNC,2021-12-31 00:00:00,31.39,VNC
Q3 2021,134825,7734,737.00,-,356631,105571,251060,23614.15,351735,9.91,0.60,1.40,-,16.05%,10.09%,-,VNC,2021-09-30 00:00:00,30.05,VNC
Q2 2021,158225,9100,867.00,-,349118,105324,243794,2471628.75,366435,10.32,0.61,1.50,-,14.09%,9.69%,-,VNC,2021-06-30 00:00:00,31.3,VNC
Q1 2021,131573,8873,845.00,-,-,-,239617,22562.12,386384,15.14,0.65,1.61,10.36%,19.84%,6.60%,-,VNC,2021-03-31 00:00:00,32.04,VNC
Q4 2020,164307,9798,933.00,-,352853,113236,239617,22562.12,324436,13.47,0.56,1.35,7.40%,13.92%,7.42%,-,VNC,2020-12-31 00:00:00,26.9,VNC
Q3 2020,148857,7736,737.00,-,343227,114953,228274,21565.56,415783,21.10,0.73,1.82,10.24%,16.29%,4.74%,-,VNC,2020-09-30 00:00:00,34.47,VNC
Q2 2020,146716,-891.39,-84.90,-,334841,108505,226335,21397.49,335986,-,0.59,1.48,6.68%,12.91%,7.15%,-,VNC,2020-06-30 00:00:00,27.45,VNC
Q1 2020,119048,7441,709.00,-,321775,90666,231109,21771.64,268789,8.05,0.48,1.16,7.19%,10.30%,12.43%,-,VNC,2020-03-31 00:00:00,21.3,VNC
Q3 2024,,,,,,,,,,,,,,,,,VNC,2024-09-30 00:00:00,40.0,VNC
Q2 2024,,,,,,,,,,,,,,,,,VNC,2024-06-30 00:00:00,37.56,VNC
Q1 2024,,,,,,,,,,,,,,,,,VNC,2024-03-31 00:00:00,35.12,VNC
Q4 2019,,,,,,,,,,,,,,,,,VNC,2019-12-31 00:00:00,26.71,VNC
Q4 2023,404475,8640,272.00,700.000,860560,281589,578971,17871.89,266413,23.82,0.22,0.46,3.64%,2.90%,4.20%,8.87%,VNF,2023-12-31 00:00:00,7.89,VNF
Q3 2023,336695,2984,92.58,-,860033,281284,578749,17861.77,298129,-125.63,0.30,0.52,1.65%,2.06%,-0.80%,-,VNF,2023-09-30 00:00:00,8.83,VNF
Q2 2023,266511,2552,80.00,-,838231,242203,596028,18267.25,301301,-42.69,0.34,0.51,0.41%,-1.86%,-2.34%,-,VNF,2023-06-30 00:00:00,8.32,VNF
Q1 2023,183051,-2990,-94.00,-,831754,228245,603509,18619.63,279417,-,0.30,0.46,-0.16%,-3.47%,-1.32%,-,VNF,2023-03-31 00:00:00,7.71,VNF
Q4 2022,198670,-4919,-235.00,700.000,822768,220188,602580,18482.76,294814,-,0.14,0.49,1.53%,-0.86%,6.03%,8.59%,VNF,2022-12-31 00:00:00,8.14,VNF
Q3 2022,233162,-1701,-79.18,-,822768,220188,602580,18482.76,427464,-,0.11,0.71,2.25%,4.35%,14.39%,-,VNF,2022-09-30 00:00:00,11.82,VNF
Q2 2022,306744,5930,151.67,-,1024003,398570,625432,15504.49,488154,6.20,0.11,0.78,5.75%,14.59%,16.12%,-,VNF,2022-06-30 00:00:00,13.5,VNF
Q1 2022,1329109,18481,547.50,-,1415005,786879,628126,17945.15,844374,9.83,0.16,1.34,9.98%,32.24%,10.17%,-,VNF,2022-03-31 00:00:00,22.72,VNF
Q4 2021,1915900,38784,1428.33,416.667,1360051,764826,595226,21244.48,551482,8.28,0.11,0.93,-,-,12.08%,2.81%,VNF,2021-12-31 00:00:00,14.84,VNF
Q3 2021,1085263,15488,540.48,-,1333883,785277,548606,18777.97,490040,32.03,0.13,0.89,-,-,3.12%,-,VNF,2021-09-30 00:00:00,13.18,VNF
Q2 2021,1090967,13147,721.67,-,-,-,-,-,324180,49.54,0.09,-,-,-,2.02%,-,VNF,2021-06-30 00:00:00,8.72,VNF
Q1 2021,803748,-800.03,-125.40,-,1239797,884453,355343,54405.52,145755,-,0.05,0.41,-,-13.34%,2.19%,-,VNF,2021-03-31 00:00:00,11.76,VNF
Q4 2020,873150,-12536,-1098.41,-,917042,561861,355180,30488.26,291511,-,0.12,0.82,-,8.01%,2.26%,-,VNF,2020-12-31 00:00:00,13.87,VNF
Q3 2020,705627,6733,538.10,-,-,-,364080,29389.50,259679,11.01,0.13,0.71,1.48%,11.43%,9.09%,-,VNF,2020-09-30 00:00:00,12.15,VNF
Q2 2020,597250,9802,804.76,-,875699,511620,364080,29389.50,262192,11.99,0.15,0.72,-,-,8.34%,-,VNF,2020-06-30 00:00:00,12.27,VNF
Q1 2020,292722,2575,225.40,-,678610,319730,358880,30830.56,217795,12.75,0.15,0.61,1.36%,5.53%,7.85%,-,VNF,2020-03-31 00:00:00,10.19,VNF
Q3 2024,,,,,,,,,,,,,,,,,VNF,2024-09-30 00:00:00,10.5,VNF
Q2 2024,,,,,,,,,,,,,,,,,VNF,2024-06-30 00:00:00,11.18,VNF
Q1 2024,,,,,,,,,,,,,,,,,VNF,2024-03-31 00:00:00,8.36,VNF
Q4 2019,,,,,,,,,,,,,,,,,VNF,2019-12-31 00:00:00,12.78,VNF
Q3 2024,382714,9717,-,-,1313304,953020,360284,-,302945,16.30,0.19,0.84,2.74%,4.42%,6.24%,-,SJ1,2024-09-30 00:00:00,10.9,SJ1
Q2 2024,422523,3894,-,-,1326374,975761,350613,-,281810,23.84,0.19,0.80,3.52%,4.50%,4.31%,-,SJ1,2024-06-30 00:00:00,12.9,SJ1
Q1 2024,330831,3854,-,-,1276504,929423,347081,-,300597,27.27,0.21,0.87,3.27%,1.71%,3.77%,-,SJ1,2024-03-31 00:00:00,11.54,SJ1
Q4 2023,425769,1448,47.97,500.000,1156287,826202,330086,12760.29,281810,27.11,0.20,0.85,4.00%,3.43%,3.80%,4.33%,SJ1,2023-12-31 00:00:00,12.31,SJ1
Q3 2023,294053,2945,-,-,1175708,843996,331713,-,279461,16.29,0.20,0.84,3.78%,3.57%,6.14%,-,SJ1,2023-09-30 00:00:00,11.54,SJ1
Q2 2023,404593,3098,125.37,-,1114515,771606,342909,12641.36,328778,18.92,0.23,0.96,3.57%,3.98%,5.28%,-,SJ1,2023-06-30 00:00:00,11.44,SJ1
Q1 2023,272345,3223,-,-,1132070,790290,341780,-,368701,22.10,0.28,1.08,-,-,4.53%,-,SJ1,2023-03-31 00:00:00,12.8,SJ1
Q4 2022,424012,7889,328.08,600.000,1010187,703428,306759,12756.57,302945,17.71,0.23,0.99,-,-,5.65%,5.09%,SJ1,2022-12-31 00:00:00,14.35,SJ1
Q3 2022,319445,3163,-,-,-,-,-,-,338175,23.69,0.27,-,-,-,4.22%,-,SJ1,2022-09-30 00:00:00,11.79,SJ1
Q2 2022,305598,2411,-,-,954555,657929,296626,-,323464,24.81,0.27,1.09,-,-,4.03%,-,SJ1,2022-06-30 00:00:00,13.16,SJ1
Q1 2022,291511,3640,-,-,-,-,-,-,336757,25.18,0.29,-,3.84%,7.01%,3.97%,-,SJ1,2022-03-31 00:00:00,12.59,SJ1
Q4 2021,330270,5058,-,-,967248,676208,291040,-,385498,30.34,0.34,1.32,-,-,3.30%,-,SJ1,2021-12-31 00:00:00,13.11,SJ1
Q3 2021,261522,1929,-,-,999020,713038,285982,-,392144,26.67,0.37,1.37,-,-,3.75%,-,SJ1,2021-09-30 00:00:00,15.01,SJ1
Q2 2021,277589,2746,-,-,-,-,-,-,354481,21.66,0.35,-,-,-,4.62%,-,SJ1,2021-06-30 00:00:00,15.27,SJ1
Q1 2021,264807,2971,-,-,-,-,-,-,394360,23.81,0.39,-,2.67%,9.57%,4.20%,-,SJ1,2021-03-31 00:00:00,13.34,SJ1
Q4 2020,258919,7055,-,566.038,966643,674553,292091,-,505135,26.83,0.47,1.73,3.24%,4.86%,3.73%,2.98%,SJ1,2020-12-31 00:00:00,14.84,SJ1
Q3 2020,224707,3595,-,-,994006,696311,297695,-,388244,15.21,0.34,1.30,3.42%,4.02%,6.58%,-,SJ1,2020-09-30 00:00:00,19.01,SJ1
Q2 2020,250298,2942,-,-,992434,698359,294074,-,527506,19.53,0.46,1.79,Upgrade,Upgrade,5.12%,-,SJ1,2020-06-30 00:00:00,14.12,SJ1
Q1 2020,,,,,,,,,,,,,,,,,SJ1,2020-03-31 00:00:00,19.18,SJ1
Q4 2019,,,,,,,,,,,,,,,,,SJ1,2019-12-31 00:00:00,16.73,SJ1
Q3 2024,397064,3272,38.89,-,1739652,1312151,427501,4851.30,351277,13.83,0.12,0.82,-,11.45%,7.23%,-,NAG,2024-09-30 00:00:00,10.28,NAG
Q2 2024,1068063,10049,339.81,-,1934186,1507427,426759,13711.59,376594,13.77,0.13,0.88,-,12.32%,7.26%,-,NAG,2024-06-30 00:00:00,11.02,NAG
Q1 2024,872211,11607,332.87,-,-,-,401368,14502.88,405076,13.99,0.17,1.01,-,-,7.15%,-,NAG,2024-03-31 00:00:00,11.85,NAG
Q4 2023,504597,463.53,17.59,-,1578664,1177297,401368,14502.88,275325,10.27,0.13,0.69,-,-,9.74%,-,NAG,2023-12-31 00:00:00,8.06,NAG
Q3 2023,398461,5228,138.89,-,-,-,-,-,338618,10.58,0.16,-,-,10.34%,9.45%,-,NAG,2023-09-30 00:00:00,9.91,NAG
Q2 2023,651666,11660,298.15,-,1645017,1232546,412471,10049.77,519003,17.77,0.24,1.26,-,10.26%,5.63%,-,NAG,2023-06-30 00:00:00,14.55,NAG
Q1 2023,592546,9453,288.89,-,-,-,392970,7626.76,531662,19.67,0.26,1.35,2.35%,4.12%,5.08%,-,NAG,2023-03-31 00:00:00,14.91,NAG
Q4 2022,489297,5666,115.74,462.963,1490767,1097797,392970,7626.76,500015,20.73,0.26,1.27,2.48%,4.69%,4.82%,3.30%,NAG,2022-12-31 00:00:00,14.02,NAG
Q3 2022,448089,2434,55.17,-,1490767,1097797,392970,8464.10,192937,7.65,0.10,0.49,4.88%,11.54%,13.08%,-,NAG,2022-09-30 00:00:00,9.94,NAG
Q2 2022,479682,9477,364.95,-,1305139,1061240,243899,8826.68,228552,8.43,0.12,0.94,2.91%,14.36%,11.87%,-,NAG,2022-06-30 00:00:00,11.77,NAG
Q1 2022,528129,6538,440.28,-,1211201,974238,236962,14795.06,250239,10.90,0.14,1.06,-,-,9.17%,-,NAG,2022-03-31 00:00:00,10.47,NAG
Q4 2021,461264,6787,372.13,-,1201010,972101,228908,11706.36,238561,11.65,0.16,1.04,3.27%,6.13%,8.59%,-,NAG,2021-12-31 00:00:00,9.98,NAG
Q3 2021,361971,4318,219.64,-,1201010,972101,228908,10858.00,150148,11.12,0.12,0.66,-,-,9.00%,-,NAG,2021-09-30 00:00:00,6.28,NAG
Q2 2021,399811,5307,285.23,-,1066639,844636,222003,10989.64,115987,10.73,0.10,0.52,-,-,9.32%,-,NAG,2021-06-30 00:00:00,4.85,NAG
Q1 2021,280670,4070,184.72,-,-,-,-,-,122342,10.67,0.11,-,-,0.26%,9.37%,-,NAG,2021-03-31 00:00:00,5.12,NAG
Q4 2020,248601,-188.24,-10.25,-,-,-,212805,10490.26,79443,-,0.07,0.37,3.63%,2.00%,13.20%,-,NAG,2020-12-31 00:00:00,3.32,NAG
Q3 2020,248274,1620,85.40,-,757455,544650,212805,10490.26,71499,5.14,0.07,0.34,5.30%,10.65%,19.47%,-,NAG,2020-09-30 00:00:00,2.99,NAG
Q2 2020,351813,5966,321.10,-,674827,453101,221725,10985.14,81032,3.94,0.07,0.37,-,-,25.37%,-,NAG,2020-06-30 00:00:00,3.06,NAG
Q1 2020,241050,3091,166.53,-,675871,459970,215901,10664.46,61966,3.82,0.06,0.29,Upgrade,Upgrade,26.17%,-,NAG,2020-03-31 00:00:00,2.34,NAG
Q4 2019,,,,,,,,,,,,,,,,,NAG,2019-12-31 00:00:00,2.64,NAG
Q3 2024,409725,21371,1425.00,-,870634,413721,456913,30399.92,412500,4.34,0.28,0.90,-,35.49%,23.05%,-,EID,2024-09-30 00:00:00,27.5,EID
Q2 2024,659297,38013,2534.00,-,896985,461051,435933,28975.20,387000,3.99,0.25,0.89,-,19.54%,25.07%,-,EID,2024-06-30 00:00:00,25.8,EID
Q1 2024,341423,20541,1369.50,-,-,-,417889,27735.66,370500,4.11,0.27,0.89,-,-,24.32%,-,EID,2024-03-31 00:00:00,23.3,EID
Q4 2023,61214,15151,1010.00,-,636298,218409,417889,27735.66,315000,4.33,0.30,0.75,-,-,23.11%,-,EID,2023-12-31 00:00:00,19.81,EID
Q3 2023,502039,23334,1556.00,-,-,-,-,-,313500,4.06,0.29,-,15.97%,33.05%,24.61%,-,EID,2023-09-30 00:00:00,19.71,EID
Q2 2023,461913,31095,2073.00,-,717887,328432,389455,25876.26,330000,4.41,0.33,0.85,0.69%,3.38%,22.65%,-,EID,2023-06-30 00:00:00,20.75,EID
Q1 2023,33452,3231,215.00,-,533494,174791,358702,23803.30,313500,4.14,0.32,0.87,7.33%,21.46%,24.16%,-,EID,2023-03-31 00:00:00,18.51,EID
Q4 2022,91112,19502,790.36,1400.000,543277,166678,376600,24987.89,328500,4.41,0.32,0.87,6.41%,23.44%,22.65%,7.22%,EID,2022-12-31 00:00:00,19.4,EID
Q3 2022,417712,20922,1395.00,-,929050,562050,367000,24377.56,321000,5.00,0.27,0.87,10.59%,38.73%,20.00%,-,EID,2022-09-30 00:00:00,18.95,EID
Q2 2022,428726,32082,2139.00,-,839063,493000,346064,22980.36,309000,4.16,0.27,0.89,-,-,24.03%,-,EID,2022-06-30 00:00:00,18.24,EID
Q1 2022,76675,1910,127.00,-,541186,226940,314246,20841.59,349500,7.76,0.43,1.11,3.59%,11.35%,12.88%,-,EID,2022-03-31 00:00:00,20.64,EID
Q3 2021,247400,9300,620.00,-,804623,471281,333342,22121.82,366000,6.42,0.37,1.10,18.16%,40.25%,15.58%,-,EID,2021-09-30 00:00:00,20.53,EID
Q2 2021,393546,30960,2064.00,-,693543,370427,323117,21441.16,247500,3.35,0.23,0.77,-,-,29.87%,-,EID,2021-06-30 00:00:00,13.88,EID
Q1 2021,93649,2847,191.00,-,476978,184720,292259,19377.18,260981,5.91,0.35,0.89,8.63%,18.73%,16.93%,-,EID,2021-03-31 00:00:00,14.64,EID
Q3 2020,258463,13900,927.00,-,591288,285940,305348,20259.38,183000,4.07,0.28,0.60,17.57%,37.79%,24.55%,-,EID,2020-09-30 00:00:00,9.55,EID
Q2 2020,329017,26229,1749.00,-,569329,278453,290876,19298.39,163500,4.04,0.28,0.56,1.20%,1.63%,24.74%,-,EID,2020-06-30 00:00:00,8.53,EID
Q1 2020,57643,1199,75.00,-,521633,256998,264635,17549.80,169500,3.84,0.28,0.64,2.29%,5.20%,26.05%,-,EID,2020-03-31 00:00:00,8.84,EID
Q4 2021,,,,,,,,,,,,,,,,,EID,2021-12-31 00:00:00,20.78,EID
Q4 2020,,,,,,,,,,,,,,,,,EID,2020-12-31 00:00:00,12.37,EID
Q4 2019,,,,,,,,,,,,,,,,,EID,2019-12-31 00:00:00,9.89,EID
Q3 2024,259474,7715,352.00,300.000,590553,286851,303702,18406.21,405900,21.65,0.39,1.34,-,7.55%,8.17%,3.74%,HTC,2024-09-30 00:00:00,24.05,HTC
Q2 2024,255620,5762,248.00,300.000,597599,296662,300938,18238.65,359700,14.32,0.34,1.20,-,9.01%,10.99%,2.85%,HTC,2024-06-30 00:00:00,21.04,HTC
Q1 2024,246848,6973,299.50,300.000,-,-,309649,18766.59,331650,11.05,0.31,1.07,-,-,13.40%,3.16%,HTC,2024-03-31 00:00:00,18.96,HTC
Q4 2023,281905,12724,-73.95,-,596823,287532,309291,18744.94,363000,-,0.35,1.17,-,-,12.72%,-,HTC,2023-12-31 00:00:00,20.47,HTC
Q3 2023,278943,14079,612.00,-,-,-,-,-,379500,8.25,0.37,-,4.35%,14.25%,12.13%,-,HTC,2023-09-30 00:00:00,20.84,HTC
Q2 2023,252515,10655,463.00,300.000,625620,328896,296724,17983.29,367950,9.88,0.36,1.24,-,-,10.12%,5.94%,HTC,2023-06-30 00:00:00,20.21,HTC
Q1 2023,228825,8711,378.00,300.000,623253,321706,301548,18275.63,303600,8.19,0.21,1.01,4.84%,17.36%,12.21%,7.47%,HTC,2023-03-31 00:00:00,16.07,HTC
Q4 2022,278343,12575,562.00,-,619277,326440,292837,13087.43,240900,6.61,0.17,0.82,1.56%,7.38%,15.13%,-,HTC,2022-12-31 00:00:00,12.75,HTC
Q3 2022,260419,5312,321.97,600.000,617041,330234,286807,17382.22,363000,12.56,0.25,1.27,-,-,7.96%,4.79%,HTC,2022-09-30 00:00:00,18.8,HTC
Q2 2022,664732,10457,457.33,300.000,622341,333481,288860,17506.67,412500,17.60,0.30,1.43,-,-,5.68%,1.42%,HTC,2022-06-30 00:00:00,21.11,HTC
Q1 2022,230846,8098,434.00,-,-,-,-,-,449900,14.54,0.40,-,-,-,6.88%,-,HTC,2022-03-31 00:00:00,22.86,HTC
Q4 2021,315570,5037,241.33,-,593588,307240,286349,17354.47,357500,10.84,0.26,1.25,-,-,9.23%,-,HTC,2021-12-31 00:00:00,18.0,HTC
Q3 2021,182128,-151.02,-11.00,-,-,-,-,-,349800,-,0.26,-,7.74%,25.23%,11.24%,-,HTC,2021-09-30 00:00:00,17.44,HTC
Q2 2021,383291,17964,858.00,200.000,575757,289412,286346,17354.27,343200,6.75,0.23,1.20,-,-,14.81%,1.18%,HTC,2021-06-30 00:00:00,16.94,HTC
Q1 2021,483806,10144,486.00,-,527353,244185,283168,17161.69,349800,8.32,0.22,1.24,4.05%,16.35%,12.03%,-,HTC,2021-03-31 00:00:00,16.85,HTC
Q4 2020,312057,11362,478.00,-,520288,239060,281228,11830.99,324500,7.86,0.20,1.15,5.41%,16.67%,12.72%,-,HTC,2020-12-31 00:00:00,15.48,HTC
Q3 2020,303259,11350,543.33,-,504195,229503,274691,16647.96,313500,7.93,0.15,1.14,5.56%,13.68%,12.60%,-,HTC,2020-09-30 00:00:00,14.81,HTC
Q2 2020,515358,9208,492.00,-,491275,221334,269942,16360.09,265100,6.78,0.13,0.98,5.22%,14.08%,14.75%,-,HTC,2020-06-30 00:00:00,12.22,HTC
Q1 2020,462186,9346,442.00,-,475600,207006,268594,16278.45,266200,6.60,0.13,0.99,Upgrade,Upgrade,15.15%,-,HTC,2020-03-31 00:00:00,12.27,HTC
Q4 2019,,,,,,,,,,,,,,,,,HTC,2019-12-31 00:00:00,12.82,HTC
Q3 2024,182389,6942,441.00,-,282594,72241,210353,13362.99,313052,7.47,0.32,1.49,-,31.60%,13.40%,-,NFC,2024-09-30 00:00:00,19.9,NFC
Q2 2024,296129,16124,1025.00,-,287164,83705,203459,12933.98,235969,6.12,0.26,1.16,-,25.89%,16.33%,-,NFC,2024-06-30 00:00:00,15.0,NFC
Q1 2024,287898,13253,842.50,-,-,-,204791,13019.14,228103,6.92,0.27,1.11,5.65%,11.19%,14.44%,-,NFC,2024-03-31 00:00:00,13.08,NFC
Q4 2023,207657,5616,357.00,-,290265,85474,204791,13019.14,298894,10.75,0.41,1.46,4.39%,7.27%,9.30%,-,NFC,2023-12-31 00:00:00,17.15,NFC
Q3 2023,128141,3542,225.00,-,265103,68520,196583,12487.76,185629,6.48,0.27,0.94,11.73%,21.27%,15.44%,-,NFC,2023-09-30 00:00:00,10.65,NFC
Q2 2023,233705,10533,670.00,-,274919,81882,193038,12279.52,185629,6.87,0.28,0.96,-,-,14.55%,-,NFC,2023-06-30 00:00:00,10.65,NFC
Q1 2023,157047,8115,516.00,-,274919,71750,203169,12918.54,201360,8.00,0.32,0.99,-,-,12.49%,-,NFC,2023-03-31 00:00:00,10.48,NFC
Q4 2022,174222,6462,411.00,1300.000,321409,123615,197794,12576.42,231250,8.19,0.33,1.17,-,-,12.21%,10.80%,NFC,2022-12-31 00:00:00,12.03,NFC
Q3 2022,94307,1902,121.00,-,-,-,-,-,242261,9.65,0.36,-,10.81%,17.91%,10.36%,-,NFC,2022-09-30 00:00:00,12.61,NFC
Q2 2022,213068,8678,552.00,-,251613,59740,191873,12204.48,207653,8.16,0.31,1.08,14.99%,23.45%,12.26%,-,NFC,2022-06-30 00:00:00,10.81,NFC
Q1 2022,216705,11194,712.00,-,244320,48540,195780,12453.23,237542,10.97,0.37,1.21,5.42%,7.25%,9.12%,-,NFC,2022-03-31 00:00:00,11.78,NFC
Q4 2021,149326,3334,212.00,800.000,238911,52787,186124,11834.25,209226,15.44,0.38,1.12,2.51%,4.97%,6.47%,7.71%,NFC,2021-12-31 00:00:00,10.37,NFC
Q3 2021,99062,2244,143.00,-,228413,46842,181572,11570.64,173044,14.83,0.34,0.95,5.12%,10.77%,6.74%,-,NFC,2021-09-30 00:00:00,8.58,NFC
Q2 2021,178034,4889,311.00,-,213681,34354,179328,11406.35,149447,13.50,0.32,0.83,4.40%,6.74%,7.41%,-,NFC,2021-06-30 00:00:00,7.41,NFC
Q1 2021,130100,3079,196.00,-,218897,35020,183877,11705.81,135289,13.74,0.32,0.74,1.44%,3.23%,7.28%,-,NFC,2021-03-31 00:00:00,6.31,NFC
Q4 2020,99366,1459,93.00,600.000,242032,60405,181627,11577.68,124277,13.56,0.29,0.68,-,-,7.38%,10.35%,NFC,2020-12-31 00:00:00,5.8,NFC
Q3 2020,64373,1647,105.00,-,216170,36002,180169,11488.65,89668,11.59,0.21,0.50,-,-,8.63%,-,NFC,2020-09-30 00:00:00,4.18,NFC
Q2 2020,134353,3663,233.00,-,-,-,-,-,89668,12.21,0.21,-,3.77%,5.21%,8.19%,-,NFC,2020-06-30 00:00:00,4.18,NFC
Q1 2020,134453,2398,152.00,-,209488,24176,185312,11745.72,89668,9.47,0.20,0.48,Upgrade,Upgrade,10.56%,-,NFC,2020-03-31 00:00:00,3.74,NFC
Q4 2019,,,,,,,,,,,,,,,,,NFC,2019-12-31 00:00:00,3.74,NFC
Q3 2024,286430,1075,17.40,-,1180970,340975,839996,10763.87,475860,29.90,0.43,0.57,-,2.46%,3.34%,-,C69,2024-09-30 00:00:00,7.7,C69
Q2 2024,200438,4405,71.50,-,1264689,426522,838167,10746.47,407880,25.38,0.36,0.49,-,2.48%,3.94%,-,C69,2024-06-30 00:00:00,6.6,C69
Q1 2024,200438,4405,71.50,-,-,-,828737,10617.73,463500,33.62,0.40,0.56,-,-,2.97%,-,C69,2024-03-31 00:00:00,7.5,C69
Q4 2023,407101,6030,97.57,-,1326855,498119,828737,10617.73,426420,40.86,0.35,0.51,-,-,2.45%,-,C69,2023-12-31 00:00:00,6.9,C69
Q3 2023,326809,1230,-,-,-,-,-,-,482040,28.94,0.39,-,-,-,3.45%,-,C69,2023-09-30 00:00:00,7.8,C69
Q2 2023,231138,2121,34.33,-,1293887,532761,761127,10497.03,556200,24.90,0.43,0.73,-,-,4.02%,-,C69,2023-06-30 00:00:00,9.0,C69
Q1 2023,256103,1055,-,-,-,-,-,-,330000,13.04,0.27,-,3.61%,6.99%,7.67%,-,C69,2023-03-31 00:00:00,5.34,C69
Q4 2022,406910,12248,-,-,1366650,606339,760311,10478.29,348000,12.63,0.32,0.46,2.01%,4.48%,7.92%,-,C69,2022-12-31 00:00:00,5.63,C69
Q3 2022,398159,6913,111.87,-,1263328,516106,747222,10279.04,600000,29.83,0.78,0.80,-,-,3.35%,-,C69,2022-09-30 00:00:00,9.71,C69
Q2 2022,166698,5085,82.28,-,1174724,435775,738949,10167.98,600000,39.75,1.29,0.81,-,-,2.52%,-,C69,2022-06-30 00:00:00,9.71,C69
Q1 2022,121202,3302,-,-,-,-,-,-,984000,70.13,2.72,-,-,-,1.43%,-,C69,2022-03-31 00:00:00,15.92,C69
Q3 2021,83234,4814,-,-,-,-,-,-,804000,39.72,2.17,-,1.89%,2.13%,2.52%,-,C69,2021-09-30 00:00:00,13.01,C69
Q2 2021,95107,1893,61.27,-,531564,180062,351502,10064.79,318000,18.51,0.91,0.90,3.28%,4.78%,5.40%,-,C69,2021-06-30 00:00:00,10.07,C69
Q1 2021,62666,4022,130.17,-,509714,150745,358969,10306.42,396000,24.00,1.24,1.10,8.50%,16.21%,4.17%,-,C69,2021-03-31 00:00:00,12.54,C69
Q4 2020,128687,9513,307.86,291.262,458420,143806,314614,10178.46,175500,13.52,0.54,0.56,1.00%,4.49%,7.40%,2.62%,C69,2020-12-31 00:00:00,11.11,C69
Q3 2020,61461,1756,113.63,-,315979,160978,155001,10032.45,133500,29.97,0.35,0.86,0.71%,3.08%,3.34%,-,C69,2020-09-30 00:00:00,8.45,C69
Q2 2020,66290,1212,78.42,-,355887,198051,157836,10215.93,88500,21.11,0.23,0.56,1.38%,1.29%,4.74%,-,C69,2020-06-30 00:00:00,5.4,C69
Q1 2020,71519,503.28,-,-,344519,187820,156700,-,66000,15.49,0.17,0.42,3.25%,2.95%,6.46%,-,C69,2020-03-31 00:00:00,4.03,C69
Q4 2021,,,,,,,,,,,,,,,,,C69,2021-12-31 00:00:00,17.09,C69
Q4 2019,,,,,,,,,,,,,,,,,C69,2019-12-31 00:00:00,7.14,C69
Q3 2024,345506,-2487,-80.00,-,959485,564886,394598,12647.45,146639,-,0.10,0.37,-0.10%,-3.95%,-4.25%,-,VTV,2024-09-30 00:00:00,4.7,VTV
Q2 2024,369953,-3983,-128.00,-,1008284,611198,397085,12727.16,187199,-,0.11,0.47,0.79%,-2.47%,-1.24%,-,VTV,2024-06-30 00:00:00,5.88,VTV
Q1 2024,277730,-2540,-81.00,-,1001744,592470,409274,13117.82,212159,-,0.09,0.52,2.47%,2.70%,1.11%,-,VTV,2024-03-31 00:00:00,6.66,VTV
Q4 2023,493574,2772,89.00,100.000,1065838,654025,411814,13199.23,124799,23.57,0.04,0.30,2.56%,1.40%,4.24%,2.55%,VTV,2023-12-31 00:00:00,3.92,VTV
Q3 2023,582461,1427,46.00,-,1156545,747504,409041,13110.36,140399,-18.64,0.04,0.34,4.35%,0.66%,1.88%,-,VTV,2023-09-30 00:00:00,4.41,VTV
Q2 2023,885188,688.01,22.19,-,1216358,808744,407614,13064.62,155999,-42.57,0.04,0.38,2.64%,0.38%,4.17%,-,VTV,2023-06-30 00:00:00,4.6,VTV
Q1 2023,887896,408.11,13.00,-,1334108,907657,426451,13668.38,143519,23.45,0.03,0.34,1.66%,0.10%,11.35%,-,VTV,2023-03-31 00:00:00,4.23,VTV
Q4 2022,1109092,110.87,-362.75,300.000,1465040,1038997,426043,13655.30,137279,-,0.03,0.32,2.38%,5.00%,14.08%,7.41%,VTV,2022-12-31 00:00:00,4.05,VTV
Q3 2022,1445043,5293,170.00,-,1442336,1016404,425932,13651.74,193439,9.13,0.05,0.45,3.57%,10.00%,14.58%,-,VTV,2022-09-30 00:00:00,5.71,VTV
Q2 2022,1146043,10474,336.00,-,944548,523910,420639,13482.08,159119,9.06,0.05,0.38,2.06%,3.32%,15.43%,-,VTV,2022-06-30 00:00:00,4.69,VTV
Q1 2022,749592,3446,110.00,-,927660,510494,417165,13370.75,287038,33.92,0.12,0.69,3.89%,8.78%,5.39%,-,VTV,2022-03-31 00:00:00,8.47,VTV
Q4 2021,780583,8981,63.52,-,946599,532880,413719,13260.29,296398,42.14,0.15,0.72,1.22%,1.64%,4.73%,-,VTV,2021-12-31 00:00:00,8.74,VTV
Q3 2021,455849,1658,53.00,-,807144,402406,404738,12972.44,240239,-951.32,0.15,0.59,1.52%,1.37%,0.74%,-,VTV,2021-09-30 00:00:00,7.09,VTV
Q2 2021,425470,1377,44.00,-,887641,484562,403080,12919.29,209039,-303.12,0.14,0.52,1.75%,2.00%,0.64%,-,VTV,2021-06-30 00:00:00,6.17,VTV
Q1 2021,356265,2018,65.00,-,896751,493025,403726,12940.02,193439,256.21,0.13,0.48,2.11%,-3.24%,1.44%,-,VTV,2021-03-31 00:00:00,5.71,VTV
Q4 2020,370102,-3282,-170.24,300.000,941212,539504,401708,12875.34,162239,-,0.11,0.40,1.92%,1.20%,1.25%,6.27%,VTV,2020-12-31 00:00:00,4.79,VTV
Q3 2020,358534,1221,39.00,-,1006623,598174,408449,13091.40,180959,-147.69,0.12,0.44,2.34%,2.74%,0.64%,-,VTV,2020-09-30 00:00:00,5.05,VTV
Q2 2020,434746,2822,90.00,-,1013694,606466,407228,13052.26,212159,51.16,0.13,0.52,2.01%,1.22%,3.07%,-,VTV,2020-06-30 00:00:00,5.92,VTV
Q1 2020,337825,1263,40.00,-,993414,577274,416141,13337.91,199679,24.82,0.11,0.48,Upgrade,Upgrade,5.22%,-,VTV,2020-03-31 00:00:00,5.58,VTV
Q4 2019,,,,,,,,,,,,,,,,,VTV,2019-12-31 00:00:00,8.28,VTV
Q3 2024,276349,20786,1519.44,-,709230,404945,304285,22243.06,287280,6.60,0.39,0.94,1.36%,3.70%,15.16%,-,CTB,2024-09-30 00:00:00,21.0,CTB
Q2 2024,63774,2683,196.00,-,594842,304769,290073,21187.88,307800,7.04,0.38,1.06,2.27%,4.25%,14.20%,-,CTB,2024-06-30 00:00:00,20.56,CTB
Q1 2024,68281,3062,224.00,-,449962,160495,289467,21174.08,313272,5.98,0.33,1.08,9.70%,24.50%,16.73%,-,CTB,2024-03-31 00:00:00,20.93,CTB
Q4 2023,330657,17026,1245.00,-,582071,295666,286405,20943.31,253080,4.98,0.26,0.88,10.15%,31.10%,20.07%,-,CTB,2023-12-31 00:00:00,16.91,CTB
Q3 2023,353866,20931,1530.00,-,643895,374400,269494,19698.91,291384,4.82,0.26,1.08,-,-,20.76%,-,CTB,2023-09-30 00:00:00,19.46,CTB
Q2 2023,208274,11400,833.00,-,850408,581434,268974,19654.54,290016,6.03,0.31,1.08,-,-,16.59%,-,CTB,2023-06-30 00:00:00,18.0,CTB
Q1 2023,98497,1441,105.00,-,-,-,-,-,259920,5.28,0.28,-,-,-,18.94%,-,CTB,2023-03-31 00:00:00,16.13,CTB
Q4 2022,464400,26733,1954.00,1500.000,880790,621505,259284,18951.05,192888,3.87,0.19,0.74,-,-,25.81%,12.53%,CTB,2022-12-31 00:00:00,11.97,CTB
Q3 2022,155626,8537,624.00,-,-,-,-,-,266760,8.01,0.34,-,5.34%,20.94%,12.49%,-,CTB,2022-09-30 00:00:00,16.55,CTB
Q2 2022,223004,12522,915.00,-,835477,591735,243742,17810.38,337896,9.64,0.39,1.39,-,-,10.37%,-,CTB,2022-06-30 00:00:00,19.67,CTB
Q1 2022,177915,1995,146.00,-,808272,573674,234598,17166.87,342000,12.81,0.46,1.46,4.93%,17.64%,7.80%,-,CTB,2022-03-31 00:00:00,19.91,CTB
Q4 2021,229642,10268,673.15,-,727894,495132,232762,15260.00,361152,14.04,0.59,1.55,-,-,7.12%,-,CTB,2021-12-31 00:00:00,21.02,CTB
Q3 2021,229642,10268,673.15,-,727894,495132,232762,15260.00,417240,14.06,0.63,1.79,-,-,7.11%,-,CTB,2021-09-30 00:00:00,24.28,CTB
Q2 2021,106082,4162,304.00,-,-,-,-,-,424080,15.26,0.70,-,-,-,6.55%,-,CTB,2021-06-30 00:00:00,23.45,CTB
Q1 2021,44920,1035,76.00,-,-,-,-,-,415872,12.43,0.57,-,8.77%,26.41%,8.04%,-,CTB,2021-03-31 00:00:00,22.99,CTB
Q4 2020,,,,,,,,,,,,,,,,,CTB,2020-12-31 00:00:00,21.25,CTB
Q3 2020,,,,,,,,,,,,,,,,,CTB,2020-09-30 00:00:00,23.07,CTB
Q2 2020,,,,,,,,,,,,,,,,,CTB,2020-06-30 00:00:00,25.64,CTB
Q1 2020,,,,,,,,,,,,,,,,,CTB,2020-03-31 00:00:00,23.62,CTB
Q4 2019,,,,,,,,,,,,,,,,,CTB,2019-12-31 00:00:00,24.13,CTB
Q3 2024,294047,6154,1530.79,-,617202,274559,342643,24306.97,339725,15.03,0.32,0.99,2.31%,9.08%,6.66%,-,VSA,2024-09-30 00:00:00,24.1,VSA
Q2 2024,261512,5124,400.00,-,685827,305608,380220,29679.07,431352,12.68,0.40,1.13,1.64%,6.01%,7.89%,-,VSA,2024-06-30 00:00:00,27.53,VSA
Q1 2024,251604,4546,400.00,-,636806,259087,377719,33237.30,329858,8.50,0.31,0.87,-4.60%,7.36%,11.77%,-,VSA,2024-03-31 00:00:00,21.05,VSA
Q4 2023,267075,6785,480.83,3200.000,632842,260760,372081,26395.33,310123,7.11,0.29,0.83,1.85%,18.43%,14.06%,16.17%,VSA,2023-12-31 00:00:00,19.79,VSA
Q3 2023,286480,17575,1247.00,-,645758,280407,365351,25922.29,296026,8.65,0.25,0.81,-,10.32%,13.11%,-,VSA,2023-09-30 00:00:00,18.89,VSA
Q2 2023,260151,9908,703.00,-,812043,414367,397676,28216.11,318581,10.58,0.23,0.80,-,10.07%,10.89%,-,VSA,2023-06-30 00:00:00,18.58,VSA
Q1 2023,265176,9330,662.00,-,-,-,370692,26292.36,327038,9.02,0.22,0.88,-1.95%,2.16%,12.48%,-,VSA,2023-03-31 00:00:00,19.07,VSA
Q4 2022,383093,1986,-184.10,2500.000,682693,313543,369150,26182.98,274881,-,0.17,0.74,3.66%,14.92%,15.44%,15.59%,VSA,2022-12-31 00:00:00,16.03,VSA
Q3 2022,458579,13467,955.00,-,848014,480273,367741,26078.17,387653,7.80,0.22,1.05,4.38%,17.38%,12.82%,-,VSA,2022-09-30 00:00:00,20.63,VSA
Q2 2022,401522,16039,1141.00,-,901165,546965,354201,25197.47,420075,8.94,0.25,1.19,-,-,11.18%,-,VSA,2022-06-30 00:00:00,22.35,VSA
Q1 2022,397683,10959,777.00,-,944645,560435,384209,27240.60,417256,11.17,0.25,1.09,2.52%,10.12%,8.95%,-,VSA,2022-03-31 00:00:00,22.2,VSA
Q4 2021,485645,9213,654.00,-,784380,414856,369524,26230.61,403159,10.89,0.25,1.09,-,-,9.18%,-,VSA,2021-12-31 00:00:00,21.45,VSA
Q3 2021,384487,10773,764.00,-,800071,441199,358871,25451.23,376376,8.53,0.26,1.05,-,-,11.72%,-,VSA,2021-09-30 00:00:00,20.03,VSA
Q2 2021,412245,6415,455.00,-,797367,406980,390388,27698.49,490558,12.26,0.38,1.26,-,-,8.16%,-,VSA,2021-06-30 00:00:00,23.85,VSA
Q1 2021,325262,10625,754.00,-,-,-,-,-,324219,7.45,0.28,-,-,-,13.42%,-,VSA,2021-03-31 00:00:00,15.76,VSA
Q4 2020,307924,16311,1157.00,1500.000,620600,243396,377204,26755.80,238231,6.46,0.24,0.63,-,-,15.49%,12.95%,VSA,2020-12-31 00:00:00,11.58,VSA
Q3 2020,245478,6666,473.00,-,-,-,-,-,197351,5.64,0.21,-,4.35%,11.29%,17.73%,-,VSA,2020-09-30 00:00:00,9.6,VSA
Q2 2020,260159,9923,483.87,-,605962,251788,354174,17270.64,245279,7.13,0.27,0.69,1.52%,4.61%,14.03%,-,VSA,2020-06-30 00:00:00,11.93,VSA
Q1 2020,182031,4002,284.00,-,577379,228615,348763,24752.63,197351,5.40,0.22,0.57,Upgrade,Upgrade,18.52%,-,VSA,2020-03-31 00:00:00,9.6,VSA
Q4 2019,,,,,,,,,,,,,,,,,VSA,2019-12-31 00:00:00,11.03,VSA
Q3 2024,754120,18919,744.03,-,1604389,1185226,419163,16492.63,317690,3.85,0.11,0.76,5.50%,20.60%,25.96%,-,HLC,2024-09-30 00:00:00,12.5,HLC
Q2 2024,759348,21223,835.23,-,1692056,1310730,381326,15003.86,332939,3.90,0.11,0.87,5.01%,20.07%,25.65%,-,HLC,2024-06-30 00:00:00,13.1,HLC
Q1 2024,730968,21339,840.00,-,1657745,1214690,443055,17432.68,404102,4.58,0.13,0.91,5.00%,20.61%,21.81%,-,HLC,2024-03-31 00:00:00,14.97,HLC
Q4 2023,710949,20999,826.02,-,2180046,1772595,407451,16031.80,304982,3.48,0.10,0.75,4.83%,21.17%,28.75%,-,HLC,2023-12-31 00:00:00,11.29,HLC
Q3 2023,749086,21825,858.51,-,2180046,1772595,407451,16031.80,292275,3.73,0.09,0.72,7.04%,23.66%,26.81%,-,HLC,2023-09-30 00:00:00,10.82,HLC
Q2 2023,860436,23978,943.71,-,2476236,2058800,417436,16424.66,279567,4.22,0.08,0.67,5.69%,21.63%,23.69%,-,HLC,2023-06-30 00:00:00,10.35,HLC
Q1 2023,719686,20893,822.00,-,2359992,1966534,393458,15481.21,259235,4.87,0.07,0.66,3.64%,13.21%,20.53%,-,HLC,2023-03-31 00:00:00,8.97,HLC
Q4 2022,1051852,11658,459.02,800.000,2867649,2488427,379222,14921.08,203322,4.58,0.05,0.54,3.52%,11.20%,21.84%,11.37%,HLC,2022-12-31 00:00:00,7.04,HLC
Q3 2022,779683,9697,381.43,-,2654215,2327555,326661,12852.96,330398,2.94,0.09,1.01,-,-,34.02%,-,HLC,2022-09-30 00:00:00,11.43,HLC
Q2 2022,1038711,10973,431.68,-,2725829,2360096,365733,14390.34,376145,3.34,0.10,1.03,-,12.60%,29.97%,-,HLC,2022-06-30 00:00:00,12.29,HLC
Q1 2022,881113,12082,475.00,-,-,-,383582,15102.11,508304,4.46,0.15,1.33,-,-,22.41%,-,HLC,2022-03-31 00:00:00,16.61,HLC
Q4 2021,809493,79660,3136.30,-,3147903,2764321,383582,15102.11,378686,3.37,0.12,0.99,-,-,29.69%,-,HLC,2021-12-31 00:00:00,12.38,HLC
Q3 2021,900784,10034,394.72,-,-,-,-,-,432058,8.27,0.14,-,5.10%,15.58%,12.09%,-,HLC,2021-09-30 00:00:00,14.12,HLC
Q2 2021,838199,12112,476.47,-,3344693,3048889,295805,11638.90,307524,7.13,0.11,1.04,4.73%,13.26%,14.03%,-,HLC,2021-06-30 00:00:00,9.48,HLC
Q1 2021,680533,10640,419.00,-,3154931,2828688,326244,12836.55,223654,4.57,0.08,0.69,5.19%,25.41%,21.86%,-,HLC,2021-03-31 00:00:00,6.89,HLC
Q4 2020,725729,19432,764.59,600.000,3540247,3224580,315667,12420.40,188072,3.83,0.07,0.60,4.48%,1.26%,26.12%,10.35%,HLC,2020-12-31 00:00:00,5.8,HLC
Q3 2020,586782,971.26,38.21,-,3687144,3390909,296235,11655.80,170282,3.12,0.06,0.57,7.99%,22.82%,32.05%,-,HLC,2020-09-30 00:00:00,5.25,HLC
Q2 2020,660987,17856,702.62,-,3688634,3366706,321928,12666.76,193156,3.02,0.06,0.60,6.99%,13.84%,33.12%,-,HLC,2020-06-30 00:00:00,5.49,HLC
Q1 2020,770824,10861,427.00,-,3437054,3132981,304073,11954.68,177906,3.50,0.06,0.59,Upgrade,Upgrade,28.54%,-,HLC,2020-03-31 00:00:00,5.06,HLC
Q4 2019,,,,,,,,,,,,,,,,,HLC,2019-12-31 00:00:00,4.84,HLC
Q3 2024,435019,628.01,32.32,-,2242768,1933714,309054,15906.02,341968,137.93,0.23,1.11,0.91%,0.31%,0.73%,-,POT,2024-09-30 00:00:00,17.6,POT
Q2 2024,402528,238.88,12.29,-,2069150,1758779,310371,15973.80,359455,191.33,0.31,1.16,0.68%,0.09%,0.52%,-,POT,2024-06-30 00:00:00,18.4,POT
Q1 2024,95610,73.41,3.78,-,2067894,1756935,310959,16004.08,357512,174.79,0.35,1.15,2.57%,1.98%,0.57%,-,POT,2024-03-31 00:00:00,18.3,POT
Q4 2023,562833,1539,79.21,-,2407714,2096912,310802,15995.99,330310,130.45,0.29,1.06,0.13%,0.03%,0.77%,-,POT,2023-12-31 00:00:00,16.91,POT
Q3 2023,114794,27.42,1.41,-,2221396,1910769,310628,15987.00,285621,27.07,0.23,0.92,1.75%,0.50%,3.69%,-,POT,2023-09-30 00:00:00,14.62,POT
Q2 2023,240531,405.51,20.87,-,2328039,2005487,322551,16600.67,369170,31.84,0.26,1.14,1.26%,0.69%,3.14%,-,POT,2023-06-30 00:00:00,18.31,POT
Q1 2023,237931,560.06,28.82,-,2351944,2029799,322146,16579.80,308937,20.42,0.21,0.96,2.95%,11.74%,4.90%,-,POT,2023-03-31 00:00:00,15.32,POT
Q4 2022,652593,9558,491.89,615.000,2346152,2015721,330431,17006.20,355569,23.51,0.24,1.08,1.45%,1.34%,4.25%,3.49%,POT,2022-12-31 00:00:00,17.64,POT
Q3 2022,311817,1070,55.06,-,2224472,1903757,320716,16506.21,528496,88.79,0.47,1.65,1.85%,4.96%,1.13%,-,POT,2022-09-30 00:00:00,26.21,POT
Q2 2022,288588,3941,202.83,-,2340202,2020633,319568,16447.16,582900,78.22,0.57,1.82,-,-,1.28%,-,POT,2022-06-30 00:00:00,28.37,POT
Q1 2022,227591,555.96,28.61,-,2326512,2010885,315627,16244.33,380828,105.15,0.43,1.21,1.09%,0.48%,0.95%,-,POT,2022-03-31 00:00:00,18.53,POT
Q3 2021,292572,385.16,19.82,-,1926078,1608130,317948,16363.78,326424,20.83,0.29,1.03,1.55%,3.25%,4.80%,-,POT,2021-09-30 00:00:00,15.89,POT
Q2 2021,206521,2570,132.27,-,1940088,1622518,317569,16344.27,281735,15.86,0.26,0.89,0.97%,0.14%,6.30%,-,POT,2021-06-30 00:00:00,13.23,POT
Q1 2021,158377,110.62,5.69,-,2089543,1774544,314999,16212.00,291450,17.76,0.27,0.93,-,-,5.63%,-,POT,2021-03-31 00:00:00,13.68,POT
Q4 2020,471283,12602,648.57,-,2154202,1820903,333299,17153.81,374999,22.25,0.35,1.13,-,-,4.49%,-,POT,2020-12-31 00:00:00,17.61,POT
Q3 2020,232268,2480,-,-,-,-,-,-,287564,20.38,0.25,-,1.24%,1.53%,4.91%,-,POT,2020-09-30 00:00:00,13.5,POT
Q2 2020,234245,1215,62.53,-,2237319,1925389,311930,16054.01,291450,17.36,0.23,0.93,1.03%,0.68%,5.76%,-,POT,2020-06-30 00:00:00,13.68,POT
Q1 2020,143042,553.96,28.51,-,2260990,1936343,324646,16708.51,262305,14.05,0.21,0.81,-,-,7.12%,-,POT,2020-03-31 00:00:00,12.32,POT
Q4 2021,,,,,,,,,,,,,,,,,POT,2021-12-31 00:00:00,17.87,POT
Q4 2019,,,,,,,,,,,,,,,,,POT,2019-12-31 00:00:00,13.53,POT
Q3 2024,18666,5724,698.00,-,716316,495216,221100,26963.22,315700,12.86,4.12,1.43,2.22%,16.42%,9.38%,-,BAX,2024-09-30 00:00:00,36.67,BAX
Q2 2024,18674,8830,1077.00,2000.000,723404,503928,219476,26768.30,346040,16.33,4.69,1.58,1.94%,11.00%,7.59%,11.34%,BAX,2024-06-30 00:00:00,39.69,BAX
Q1 2024,17767,5795,707.00,-,727554,516752,210802,25717.50,344400,12.37,4.51,1.63,-,-,9.56%,-,BAX,2024-03-31 00:00:00,39.5,BAX
Q4 2023,21426,9249,511.20,2500.000,724831,514175,210656,25692.44,335380,14.15,4.50,1.59,-,-,8.58%,11.70%,BAX,2023-12-31 00:00:00,38.47,BAX
Q3 2023,15856,2379,290.00,-,-,-,-,-,411640,22.49,5.40,-,2.72%,27.14%,4.45%,-,BAX,2023-09-30 00:00:00,45.09,BAX
Q2 2023,21304,15485,1888.00,2000.000,735626,520198,215428,26265.79,460020,23.34,5.61,2.14,0.37%,2.72%,4.28%,13.89%,BAX,2023-06-30 00:00:00,50.39,BAX
Q1 2023,15936,1654,202.00,-,774337,533394,240943,29431.59,492000,38.65,5.78,2.04,-1.96%,-1.98%,2.59%,-,BAX,2023-03-31 00:00:00,50.3,BAX
Q4 2022,23142,-1214,-148.00,5000.000,767757,522671,245086,29877.02,615000,-,2.63,2.51,-0.52%,6.27%,9.70%,7.95%,BAX,2022-12-31 00:00:00,62.88,BAX
Q3 2022,21626,3781,461.05,-,767757,522671,245086,29887.20,633040,7.05,2.07,2.58,1.47%,13.41%,14.19%,-,BAX,2022-09-30 00:00:00,64.72,BAX
Q2 2022,24481,8508,1038.00,-,777874,540349,237524,28979.64,668300,7.20,2.21,2.81,18.29%,78.30%,13.89%,-,BAX,2022-06-30 00:00:00,68.33,BAX
Q1 2022,164557,48590,5926.00,-,805930,535913,270017,32931.26,688800,6.69,2.20,2.55,7.54%,54.59%,14.95%,-,BAX,2022-03-31 00:00:00,66.39,BAX
Q4 2021,94923,28927,3528.00,-,828373,601957,226416,27614.33,590400,9.79,3.43,2.61,1.71%,13.98%,10.22%,-,BAX,2021-12-31 00:00:00,56.9,BAX
Q3 2021,18918,6784,827.00,-,857435,659945,197490,24076.53,631400,15.13,6.00,3.20,-,-,6.61%,-,BAX,2021-09-30 00:00:00,60.85,BAX
Q2 2021,34458,18694,2280.00,-,911216,720510,190706,23258.87,557600,3.57,1.67,2.92,-,-,28.04%,-,BAX,2021-06-30 00:00:00,53.74,BAX
Q1 2021,23606,5929,723.00,-,-,-,-,-,681420,4.65,2.14,-,0.53%,14.35%,21.52%,-,BAX,2021-03-31 00:00:00,56.81,BAX
Q4 2020,28173,10315,1258.00,13093.000,868615,589029,279586,34096.67,656000,4.51,2.11,2.35,42.54%,206.87%,22.19%,23.94%,BAX,2020-12-31 00:00:00,54.69,BAX
Q3 2020,248643,121423,14808.00,-,877142,581648,295494,36036.61,437060,2.90,1.44,1.48,0.37%,21.11%,34.48%,-,BAX,2020-09-30 00:00:00,34.56,BAX
Q2 2020,17762,8952,1092.00,-,878122,704051,174071,21233.61,346040,9.34,4.67,1.99,0.93%,11.32%,10.71%,-,BAX,2020-06-30 00:00:00,27.36,BAX
Q1 2020,16720,4898,597.00,-,889418,724299,165119,20125.82,319800,6.55,3.08,1.94,Upgrade,Upgrade,15.27%,-,BAX,2020-03-31 00:00:00,23.99,BAX
Q4 2019,,,,,,,,,,,,,,,,,BAX,2019-12-31 00:00:00,31.0,BAX
Q3 2024,45932,4110,-,-,319783,43129,276655,-,305670,18.95,1.75,1.10,3.82%,6.46%,5.28%,-,CCR,2024-09-30 00:00:00,12.5,CCR
Q2 2024,48235,4437,-,-,318808,35549,283259,-,366804,24.56,2.28,1.29,-,-,4.07%,-,CCR,2024-06-30 00:00:00,14.49,CCR
Q1 2024,37657,3830,-,-,308255,27615,280640,-,286107,19.30,1.92,1.02,4.61%,5.60%,5.18%,-,CCR,2024-03-31 00:00:00,11.3,CCR
Q4 2023,42844,3754,-,-,307535,29661,277873,-,271435,19.51,1.89,0.98,3.14%,4.30%,5.13%,-,CCR,2023-12-31 00:00:00,10.72,CCR
Q3 2023,32074,2914,-,-,301243,27234,274009,-,273881,19.72,1.93,1.00,-,-,5.07%,-,CCR,2023-09-30 00:00:00,10.82,CCR
Q2 2023,36373,4322,-,-,306307,21896,284411,-,298334,23.26,1.99,1.05,-,4.23%,4.30%,-,CCR,2023-06-30 00:00:00,11.78,CCR
Q1 2023,32220,2922,-,-,-,-,279787,-,264099,21.82,1.74,0.94,3.90%,5.50%,4.58%,-,CCR,2023-03-31 00:00:00,9.98,CCR
Q4 2022,41049,3734,-,550.000,307599,27812,279787,-,300779,20.84,1.98,1.08,1.92%,3.04%,4.80%,4.84%,CCR,2022-12-31 00:00:00,11.37,CCR
Q3 2022,40216,1849,-,-,301832,25808,276024,-,342351,19.85,2.40,1.24,3.41%,5.22%,5.04%,-,CCR,2022-09-30 00:00:00,12.94,CCR
Q2 2022,38481,3598,147.22,-,322600,48669,273931,11039.05,425493,16.06,2.70,1.55,-,-,6.23%,-,CCR,2022-06-30 00:00:00,16.08,CCR
Q1 2022,32132,5250,-,-,321744,16822,304922,-,596668,16.24,3.38,1.96,-,-,6.16%,-,CCR,2022-03-31 00:00:00,21.12,CCR
Q4 2021,31707,6548,-,-,326677,24535,302142,-,655357,15.86,3.36,2.17,-,-,6.31%,-,CCR,2021-12-31 00:00:00,23.19,CCR
Q3 2021,55151,11097,-,-,-,-,-,-,-,-,-,-,14.19%,19.02%,-,-,CCR,2021-09-30 00:00:00,25.96,CCR
Q2 2021,57446,13856,-,-,335611,38810,296801,-,-,-,-,-,9.40%,13.87%,-,-,CCR,2021-06-30 00:00:00,28.39,CCR
Q1 2021,50639,9829,-,-,343995,54885,289111,-,-,-,-,-,-,-,-,-,CCR,2021-03-31 00:00:00,11.35,CCR
Q4 2020,31028,5955,-,-,323060,42058,281002,-,-,-,-,-,-,-,-,-,CCR,2020-12-31 00:00:00,10.36,CCR
Q2 2020,26368,4015,-,-,-,-,-,-,-,-,-,-,6.48%,9.78%,-,-,CCR,2020-06-30 00:00:00,9.87,CCR
Q1 2020,40268,6736,-,-,364192,83993,280199,-,-,-,-,-,7.24%,10.12%,-,-,CCR,2020-03-31 00:00:00,10.73,CCR
Q3 2020,,,,,,,,,,,,,,,,,CCR,2020-09-30 00:00:00,10.61,CCR
Q4 2019,,,,,,,,,,,,,,,,,CCR,2019-12-31 00:00:00,19.44,CCR
Q1 2024,1317011,17022,693.00,-,1898947,1535756,363191,14782.46,339053,4.62,0.07,0.93,4.09%,20.60%,21.65%,-,THT,2024-03-31 00:00:00,12.78,THT
Q4 2023,788255,20325,826.97,-,1626533,1221725,404808,16476.33,324311,4.45,0.07,0.80,1.51%,8.44%,22.48%,-,THT,2023-12-31 00:00:00,12.22,THT
Q3 2023,1271249,8025,327.00,-,1528435,1143953,384483,15649.06,314484,3.22,0.07,0.82,6.01%,30.05%,31.01%,-,THT,2023-09-30 00:00:00,11.85,THT
Q2 2023,1367541,28038,1141.00,-,1827908,1451450,376458,15322.45,292372,3.07,0.07,0.78,3.66%,18.35%,32.56%,-,THT,2023-06-30 00:00:00,11.02,THT
Q1 2023,903991,16514,672.00,-,1418708,1048844,369864,15054.06,302199,4.11,0.07,0.82,11.13%,54.91%,24.32%,-,THT,2023-03-31 00:00:00,10.77,THT
Q4 2022,1275823,44948,1829.00,700.000,1582737,1232811,349926,14242.56,213751,3.28,0.05,0.61,2.45%,7.54%,30.48%,9.19%,THT,2022-12-31 00:00:00,7.61,THT
Q3 2022,862043,5698,232.00,-,1239915,934937,304978,12413.10,280087,6.53,0.06,0.92,1.99%,7.63%,15.32%,-,THT,2022-09-30 00:00:00,9.98,THT
Q2 2022,1390579,6325,257.00,-,1629901,1330621,299280,12181.18,294829,7.50,0.06,0.99,3.02%,9.08%,13.34%,-,THT,2022-06-30 00:00:00,10.5,THT
Q1 2022,1011736,8172,333.00,-,1777860,1413745,364115,14820.05,385734,8.80,0.09,1.06,5.92%,26.39%,11.36%,-,THT,2022-03-31 00:00:00,12.74,THT
Q4 2021,1146599,22720,925.00,1200.000,1752244,1396494,355750,14479.59,351337,8.58,0.10,0.99,2.29%,2.55%,11.66%,10.34%,THT,2021-12-31 00:00:00,11.61,THT
Q3 2021,1036965,2113,86.00,-,1655606,1322576,333030,13554.87,456984,13.28,0.13,1.37,4.24%,12.49%,7.53%,-,THT,2021-09-30 00:00:00,15.1,THT
Q2 2021,1076105,10830,441.00,-,2097712,1766795,330917,13468.85,294829,8.97,0.10,0.89,3.05%,5.90%,11.15%,-,THT,2021-06-30 00:00:00,9.74,THT
Q1 2021,332325,5304,216.00,-,1910598,1547872,362726,14763.54,201466,5.80,0.08,0.56,5.01%,18.53%,17.23%,-,THT,2021-03-31 00:00:00,6.13,THT
Q4 2020,1129573,16156,658.00,900.000,1807951,1451057,356895,14526.19,208837,5.82,0.07,0.59,-,-,17.19%,14.17%,THT,2020-12-31 00:00:00,6.35,THT
Q3 2020,471662,569.4,23.00,-,1946018,1605279,340739,13868.62,179354,3.04,0.07,0.53,-,-,32.94%,-,THT,2020-09-30 00:00:00,5.45,THT
Q2 2020,613052,12680,516.00,-,-,-,-,-,159699,2.45,0.06,-,-,-,40.89%,-,THT,2020-06-30 00:00:00,4.86,THT
Q1 2020,677885,6504,265.00,-,-,-,-,-,171983,3.03,0.07,-,10.89%,46.49%,32.98%,-,THT,2020-03-31 00:00:00,4.55,THT
Q3 2024,,,,,,,,,,,,,,,,,THT,2024-09-30 00:00:00,12.2,THT
Q2 2024,,,,,,,,,,,,,,,,,THT,2024-06-30 00:00:00,12.1,THT
Q4 2019,,,,,,,,,,,,,,,,,THT,2019-12-31 00:00:00,4.55,THT
Q3 2024,34070,1741,88.00,-,342470,82875,259596,13123.16,276941,7.84,1.13,1.07,-,5.65%,12.76%,-,TV4,2024-09-30 00:00:00,13.06,TV4
Q2 2024,46824,3651,185.00,-,342593,84738,257855,13035.16,282875,8.03,1.21,1.10,-,3.10%,12.46%,-,TV4,2024-06-30 00:00:00,13.34,TV4
Q1 2024,29474,2010,101.61,-,-,-,258979,13096.36,272985,8.16,1.29,1.05,6.06%,43.48%,12.26%,-,TV4,2024-03-31 00:00:00,12.87,TV4
Q4 2023,134232,27922,1412.00,1000.000,373910,114931,258979,13096.36,249247,7.54,1.23,0.96,0.60%,2.61%,13.26%,8.51%,TV4,2023-12-31 00:00:00,11.75,TV4
Q3 2023,23999,1656,84.00,-,326796,72001,254795,12927.10,271006,18.62,1.40,1.06,-,2.97%,7.36%,-,TV4,2023-09-30 00:00:00,11.69,TV4
Q2 2023,23166,1886,95.00,-,329469,76330,253139,12796.77,253203,9.98,1.30,1.00,-,2.49%,12.15%,-,TV4,2023-06-30 00:00:00,10.92,TV4
Q1 2023,21891,1590,80.38,-,-,-,255339,12908.63,259138,8.96,1.14,1.01,6.29%,23.88%,13.24%,-,TV4,2023-03-31 00:00:00,11.17,TV4
Q4 2022,124389,14802,476.37,-,405960,150621,255339,12908.63,255181,7.06,0.85,1.00,1.27%,21.30%,16.27%,-,TV4,2022-12-31 00:00:00,11.0,TV4
Q3 2022,25210,12476,630.36,-,362909,122372,240537,12159.47,303792,8.26,1.08,1.26,4.56%,9.56%,12.11%,-,TV4,2022-09-30 00:00:00,13.1,TV4
Q2 2022,55686,5432,275.00,-,349193,121133,228060,11545.68,328520,8.38,1.03,1.44,7.49%,15.86%,11.94%,-,TV4,2022-06-30 00:00:00,14.17,TV4
Q1 2022,94420,8808,445.54,-,357840,131335,226505,11456.74,377974,9.86,1.18,1.67,7.81%,18.96%,10.14%,-,TV4,2022-03-31 00:00:00,16.3,TV4
Q4 2021,106173,10082,509.82,-,354132,136436,217696,11008.50,300260,8.51,1.03,1.38,4.83%,29.76%,11.75%,-,TV4,2021-12-31 00:00:00,12.95,TV4
Q3 2021,61535,14895,752.55,-,341868,134253,207615,10456.40,255478,6.45,0.91,1.23,4.12%,9.49%,15.51%,-,TV4,2021-09-30 00:00:00,11.02,TV4
Q2 2021,57621,4559,229.59,-,322206,129486,192720,9706.34,233399,7.92,0.85,1.21,4.80%,12.17%,12.62%,-,TV4,2021-06-30 00:00:00,10.06,TV4
Q1 2021,66594,5735,288.58,-,321317,129963,191354,9628.08,239707,7.80,0.83,1.25,5.92%,31.65%,12.82%,-,TV4,2021-03-31 00:00:00,10.34,TV4
Q4 2020,93838,14430,725.46,-,335679,150060,185619,9383.13,205013,7.41,0.82,1.10,-,-,13.50%,-,TV4,2020-12-31 00:00:00,8.84,TV4
Q3 2020,56331,4740,238.36,-,298140,119066,179074,9005.36,201859,11.67,0.90,1.13,-,-,9.46%,-,TV4,2020-09-30 00:00:00,8.37,TV4
Q2 2020,70622,5826,293.37,-,-,-,-,-,181358,9.21,0.71,-,1.19%,6.20%,11.86%,-,TV4,2020-06-30 00:00:00,7.52,TV4
Q1 2020,30224,2682,134.73,-,241806,71498,170308,8555.35,168741,10.55,0.79,0.99,Upgrade,Upgrade,10.55%,-,TV4,2020-03-31 00:00:00,7.0,TV4
Q4 2019,,,,,,,,,,,,,,,,,TV4,2019-12-31 00:00:00,8.68,TV4
Q1 2024,50711,3029,449.00,-,118684,40461,78222,11594.97,371001,56.51,2.20,4.74,3.84%,6.62%,1.77%,-,TSB,2024-03-31 00:00:00,54.42,TSB
Q4 2023,36318,1313,195.00,556.000,108919,29552,79367,11784.95,296801,68.85,1.87,3.74,3.73%,6.32%,1.45%,1.28%,TSB,2023-12-31 00:00:00,43.53,TSB
Q3 2023,35168,1234,183.07,-,108919,29552,79367,11775.48,317712,78.93,1.93,4.00,2.39%,5.05%,1.27%,-,TSB,2023-09-30 00:00:00,46.6,TSB
Q2 2023,46148,988.94,147.00,-,95505,18606,76899,11430.58,236092,63.82,1.37,3.07,-,-,1.57%,-,TSB,2023-06-30 00:00:00,34.15,TSB
Q1 2023,41062,774.94,115.00,-,106297,26662,79635,11817.69,249583,80.76,1.40,3.13,4.05%,5.24%,1.24%,-,TSB,2023-03-31 00:00:00,36.1,TSB
Q4 2022,42060,1027,152.00,-,102514,23654,78860,11667.65,114673,33.24,0.63,1.45,3.17%,4.69%,3.01%,-,TSB,2022-12-31 00:00:00,16.59,TSB
Q3 2022,42938,908.13,135.00,-,108575,30742,77833,11570.39,77573,23.39,0.40,1.00,-,-,4.28%,-,TSB,2022-09-30 00:00:00,11.22,TSB
Q2 2022,51938,380.14,56.00,-,117768,40844,76924,11332.06,70153,19.79,0.36,0.91,-,-,5.05%,-,TSB,2022-06-30 00:00:00,10.15,TSB
Q1 2022,45695,1134,168.00,-,-,-,-,-,87017,19.16,0.48,-,-,-,5.22%,-,TSB,2022-03-31 00:00:00,11.96,TSB
Q4 2021,51003,894.38,133.00,-,102594,23246,79348,11799.50,60709,13.18,0.34,0.77,-,-,7.59%,-,TSB,2021-12-31 00:00:00,8.34,TSB
Q3 2021,45446,1137,169.00,-,-,-,-,-,80946,16.87,0.47,-,4.13%,7.01%,5.93%,-,TSB,2021-09-30 00:00:00,11.12,TSB
Q2 2021,37888,1377,204.00,-,103162,25845,77317,11457.25,60709,11.75,0.37,0.79,3.80%,6.04%,8.51%,-,TSB,2021-06-30 00:00:00,8.34,TSB
Q1 2021,45777,1197,177.00,-,103845,23981,79863,11811.70,64757,13.13,0.40,0.81,2.32%,5.57%,7.62%,-,TSB,2021-03-31 00:00:00,8.43,TSB
Q4 2020,42785,1089,161.02,500.000,97834,19164,78670,11633.37,59360,13.16,0.36,0.75,-,-,7.60%,6.47%,TSB,2020-12-31 00:00:00,7.73,TSB
Q3 2020,37334,1503,223.00,-,108344,30762,77582,11512.02,53964,10.63,0.29,0.70,-,-,9.41%,-,TSB,2020-09-30 00:00:00,7.02,TSB
Q2 2020,37872,1143,169.00,-,-,-,-,-,47218,10.21,0.23,-,2.33%,3.96%,9.80%,-,TSB,2020-06-30 00:00:00,6.15,TSB
Q1 2020,46640,777.64,115.00,-,123963,45118,78845,11659.81,47218,11.16,0.22,0.60,5.31%,8.57%,8.96%,-,TSB,2020-03-31 00:00:00,5.71,TSB
Q3 2024,,,,,,,,,,,,,,,,,TSB,2024-09-30 00:00:00,46.0,TSB
Q2 2024,,,,,,,,,,,,,,,,,TSB,2024-06-30 00:00:00,48.9,TSB
Q4 2019,,,,,,,,,,,,,,,,,TSB,2019-12-31 00:00:00,5.71,TSB
Q3 2024,155439,5038,420.00,-,313310,134233,179076,14927.93,271200,8.58,0.44,1.51,0.15%,0.73%,11.66%,-,CLH,2024-09-30 00:00:00,22.6,CLH
Q1 2024,116975,361.26,30.00,-,266593,69492,197101,16367.73,315600,8.41,0.51,1.60,15.79%,35.65%,11.89%,-,CLH,2024-03-31 00:00:00,24.52,CLH
Q4 2023,199436,17297,1441.00,-,303338,106598,196740,16390.54,303600,6.44,0.46,1.54,8.04%,19.10%,15.52%,-,CLH,2023-12-31 00:00:00,23.59,CLH
Q3 2023,144629,8930,744.00,-,323025,131582,191443,15950.14,297600,6.54,0.43,1.55,10.18%,22.08%,15.28%,-,CLH,2023-09-30 00:00:00,22.22,CLH
Q2 2023,157837,10924,909.97,1000.000,313744,131231,182513,15203.71,330000,6.64,0.45,1.81,-,-,15.05%,4.06%,CLH,2023-06-30 00:00:00,24.64,CLH
Q1 2023,157286,9968,831.00,-,322716,109491,213224,17776.15,340800,6.01,0.43,1.60,-,-,16.64%,-,CLH,2023-03-31 00:00:00,23.51,CLH
Q4 2022,225336,15652,1304.00,-,319238,115982,203256,16933.93,350400,6.25,0.43,1.72,-,-,15.99%,-,CLH,2022-12-31 00:00:00,24.17,CLH
Q3 2022,195363,13137,1095.00,-,-,-,-,-,406800,6.53,0.50,-,16.66%,35.75%,15.32%,-,CLH,2022-09-30 00:00:00,26.99,CLH
Q2 2022,216079,17966,1497.00,1200.000,329123,140255,188868,15737.64,390000,6.43,0.50,2.06,8.98%,17.80%,15.54%,14.30%,CLH,2022-06-30 00:00:00,25.87,CLH
Q1 2022,175031,9281,773.00,-,328593,115409,213184,17756.19,478800,8.41,0.63,2.25,22.59%,44.12%,11.89%,-,CLH,2022-03-31 00:00:00,29.56,CLH
Q4 2021,227344,21944,1829.00,2500.000,307524,103621,203903,16995.39,327600,6.01,0.45,1.61,-,-,16.63%,12.36%,CLH,2021-12-31 00:00:00,20.22,CLH
Q3 2021,167309,11420,952.00,-,302864,108904,193960,16168.48,315600,6.05,0.44,1.63,-,-,16.54%,-,CLH,2021-09-30 00:00:00,18.83,CLH
Q2 2021,187335,14296,1430.00,-,-,-,-,-,258000,5.19,0.36,-,-,-,19.25%,-,CLH,2021-06-30 00:00:00,15.4,CLH
Q1 2021,151797,6828,683.00,-,306182,110461,195721,19578.01,260400,5.56,0.37,1.33,20.21%,42.45%,17.98%,-,CLH,2021-03-31 00:00:00,14.53,CLH
Q4 2020,215554,19642,1964.00,-,306213,117319,188893,18887.41,252000,5.50,0.35,1.33,9.25%,20.14%,18.19%,-,CLH,2020-12-31 00:00:00,14.06,CLH
Q3 2020,166785,8904,890.00,-,318710,137459,181251,18116.90,196800,4.35,0.28,1.09,11.85%,25.92%,22.97%,-,CLH,2020-09-30 00:00:00,10.47,CLH
Q2 2020,178853,11437,953.33,-,318453,146106,172347,14366.22,173000,4.22,0.25,1.00,7.19%,13.20%,23.72%,-,CLH,2020-06-30 00:00:00,8.57,CLH
Q1 2020,151722,5864,488.33,-,326832,146217,180614,15041.09,187000,4.91,0.27,1.04,19.40%,45.39%,20.38%,-,CLH,2020-03-31 00:00:00,9.26,CLH
Q2 2024,,,,,,,,,,,,,,,,,CLH,2024-06-30 00:00:00,23.0,CLH
Q4 2019,,,,,,,,,,,,,,,,,CLH,2019-12-31 00:00:00,7.83,CLH
Q3 2024,400946,16832,975.79,-,692320,402087,290233,16825.11,186300,4.90,0.14,0.64,4.58%,8.68%,20.39%,-,X20,2024-09-30 00:00:00,10.14,X20
Q2 2024,249830,5878,341.00,-,461270,190423,270847,15711.80,175950,8.86,0.16,0.65,4.02%,8.87%,11.29%,-,X20,2024-06-30 00:00:00,9.58,X20
Q1 2024,249830,5878,341.00,-,461270,190423,270847,15711.80,177675,11.09,0.18,0.66,5.57%,14.74%,9.01%,-,X20,2024-03-31 00:00:00,9.67,X20
Q4 2023,403912,9397,-,600.000,589925,330834,259092,-,162150,8.14,0.16,0.63,-0.44%,-2.05%,12.28%,6.80%,X20,2023-12-31 00:00:00,8.82,X20
Q3 2023,210864,-1287,-,-,496577,245827,250750,-,165600,-,0.16,0.66,0.87%,3.13%,8.77%,-,X20,2023-09-30 00:00:00,8.52,X20
Q2 2023,142676,2027,-,-,512968,260766,252202,-,186300,7.56,0.17,0.74,-,-,13.22%,-,X20,2023-06-30 00:00:00,9.59,X20
Q1 2023,284612,9779,-,-,472886,206560,266326,-,134550,5.43,0.12,0.51,2.29%,6.28%,18.41%,-,X20,2023-03-31 00:00:00,6.93,X20
Q4 2022,366995,4006,-,-,552438,295891,256547,-,136275,6.16,0.12,0.53,5.38%,14.17%,16.23%,-,X20,2022-12-31 00:00:00,7.01,X20
Q3 2022,301263,8826,-,-,491090,237533,253558,-,143175,8.66,0.15,0.56,0.20%,3.40%,11.55%,-,X20,2022-09-30 00:00:00,7.37,X20
Q2 2022,153444,2154,-,-,537491,292808,244684,-,156975,8.37,0.16,0.64,5.37%,11.11%,11.94%,-,X20,2022-06-30 00:00:00,7.61,X20
Q1 2022,322170,7128,-,-,477160,214796,262364,-,198375,10.80,0.21,0.76,-,-,9.26%,-,X20,2022-03-31 00:00:00,9.62,X20
Q4 2021,205574,-1568,-,-,600770,350008,250761,-,215625,-,0.22,0.86,-,-,8.61%,-,X20,2021-12-31 00:00:00,10.46,X20
Q3 2021,305258,11033,-,-,-,-,-,-,163875,9.42,0.18,-,-,-,10.61%,-,X20,2021-09-30 00:00:00,7.95,X20
Q2 2021,128447,1783,-,-,-,-,-,-,163875,16.20,0.20,-,-,-,6.17%,-,X20,2021-06-30 00:00:00,7.56,X20
Q1 2021,324278,7315,-,-,460432,205776,254656,-,155250,16.38,0.18,0.61,-,-,6.10%,-,X20,2021-03-31 00:00:00,7.17,X20
Q4 2020,155328,-2743,-,-,528488,281147,247341,-,155250,-,0.28,0.63,-,-,1.39%,-,X20,2020-12-31 00:00:00,7.17,X20
Q1 2020,205033,3764,-,-,488585,247794,240792,-,108675,22.15,0.27,0.45,-,-,4.51%,-,X20,2020-03-31 00:00:00,4.95,X20
Q3 2020,,,,,,,,,,,,,,,,,X20,2020-09-30 00:00:00,6.45,X20
Q2 2020,,,,,,,,,,,,,,,,,X20,2020-06-30 00:00:00,5.42,X20
Q4 2019,,,,,,,,,,,,,,,,,X20,2019-12-31 00:00:00,7.38,X20
Q3 2024,428582,16901,1822.87,-,780560,457501,323059,34843.17,195635,5.25,0.16,0.61,9.13%,24.63%,22.61%,-,SED,2024-09-30 00:00:00,21.1,SED
Q2 2024,616853,18702,2016.43,-,889829,583672,306158,33020.30,192853,5.37,0.16,0.63,2.58%,5.62%,22.27%,-,SED,2024-06-30 00:00:00,20.8,SED
Q1 2024,88535,4205,453.52,-,518616,217253,301363,32503.22,182654,5.41,0.17,0.61,3.31%,5.94%,22.32%,-,SED,2024-03-31 00:00:00,18.36,SED
Q4 2023,79152,4429,-277.83,1500.000,533248,236090,297158,32049.71,176164,-,0.17,0.59,6.79%,21.38%,23.39%,8.47%,SED,2023-12-31 00:00:00,17.71,SED
Q3 2023,439601,15606,1683.12,-,809949,510217,299733,32327.33,176164,4.78,0.17,0.59,7.58%,23.38%,24.58%,-,SED,2023-09-30 00:00:00,17.71,SED
Q2 2023,450322,16528,1783.25,-,892642,608515,284127,30644.21,180800,5.09,0.18,0.64,3.29%,6.64%,23.19%,-,SED,2023-06-30 00:00:00,18.18,SED
Q1 2023,72089,4634,499.79,-,574544,293038,281506,30361.55,166892,5.37,0.18,0.59,4.82%,9.43%,22.49%,-,SED,2023-03-31 00:00:00,15.58,SED
Q4 2022,98266,6526,8.75,1500.000,491384,214512,276872,29861.76,165965,5.27,0.18,0.60,6.40%,21.13%,22.84%,9.68%,SED,2022-12-31 00:00:00,15.49,SED
Q3 2022,381020,14246,1536.44,-,694313,417522,276791,29853.01,188218,5.90,0.21,0.68,5.59%,18.43%,20.40%,-,SED,2022-09-30 00:00:00,17.57,SED
Q2 2022,359605,12137,1309.00,-,874283,611738,262546,28316.57,192853,6.01,0.26,0.73,3.10%,7.64%,20.02%,-,SED,2022-06-30 00:00:00,18.0,SED
Q1 2022,68479,5004,539.69,-,637244,372928,264317,28507.59,227159,7.14,0.33,0.86,3.93%,10.81%,16.86%,-,SED,2022-03-31 00:00:00,19.79,SED
Q4 2021,104603,7003,53.89,1500.000,496962,237650,259313,27967.90,211397,6.66,0.31,0.82,6.67%,23.00%,18.10%,8.15%,SED,2021-12-31 00:00:00,18.41,SED
Q3 2021,219320,14467,1560.28,-,749461,490648,258813,27914.02,200271,5.82,0.31,0.77,8.09%,19.33%,17.51%,-,SED,2021-09-30 00:00:00,17.44,SED
Q2 2021,290260,11833,1276.25,-,668118,423772,244347,26353.74,158548,3.93,0.22,0.65,4.30%,8.15%,25.85%,-,SED,2021-06-30 00:00:00,13.81,SED
Q1 2021,71162,4952,534.14,-,453130,207636,245494,26477.48,174310,5.34,0.29,0.71,0.88%,6.30%,22.39%,-,SED,2021-03-31 00:00:00,14.09,SED
Q4 2020,57453,3809,315.73,1400.000,393581,153039,240542,25943.35,154839,4.95,0.26,0.64,14.74%,35.03%,24.33%,11.18%,SED,2020-12-31 00:00:00,12.52,SED
Q3 2020,309648,20397,2040.00,-,474348,231211,243137,26223.26,133514,4.63,0.23,0.55,8.32%,18.12%,26.01%,-,SED,2020-09-30 00:00:00,10.79,SED
Q2 2020,171941,9869,411.29,-,513090,290350,222740,24023.38,127024,9.89,0.29,0.57,3.95%,6.63%,14.75%,-,SED,2020-06-30 00:00:00,10.27,SED
Q1 2020,65093,3596,359.58,-,404788,191917,212871,21287.10,140000,4.91,0.25,0.66,Upgrade,Upgrade,24.98%,-,SED,2020-03-31 00:00:00,10.49,SED
Q4 2019,,,,,,,,,,,,,,,,,SED,2019-12-31 00:00:00,11.92,SED
Q3 2024,281566,-26348,-1053.92,-,747610,260034,487576,19497.25,265000,-,0.23,0.54,0.21%,-7.59%,-28.63%,-,VHL,2024-09-30 00:00:00,10.6,VHL
Q2 2024,290093,-9841,-394.00,-,770759,256835,513924,20551.17,337500,-,0.29,0.66,-1.96%,-11.03%,-16.68%,-,VHL,2024-06-30 00:00:00,13.5,VHL
Q1 2024,241133,-14655,-586.19,-,802564,278798,523765,20944.81,337500,-,0.28,0.64,-4.25%,-18.16%,-17.82%,-,VHL,2024-03-31 00:00:00,13.5,VHL
Q4 2023,326610,-25030,-1013.92,-,837626,298899,538727,21543.29,342500,-,0.28,0.64,-0.00%,-4.78%,-20.29%,-,VHL,2023-12-31 00:00:00,13.7,VHL
Q3 2023,301950,-6773,-270.92,-,904046,340273,563773,22545.11,440000,-,0.33,0.78,-0.87%,-9.47%,-10.19%,-,VHL,2023-09-30 00:00:00,17.6,VHL
Q2 2023,320388,-13676,-547.00,-,919311,348766,570546,22816.03,485000,-,0.35,0.85,-3.53%,-16.10%,-8.80%,-,VHL,2023-06-30 00:00:00,19.4,VHL
Q1 2023,280332,-23999,-960.00,-,932225,348004,584221,23363.05,587500,-,0.39,1.01,2.13%,-0.26%,-5.67%,-,VHL,2023-03-31 00:00:00,23.5,VHL
Q4 2022,436542,-402.88,-18.04,-,1026454,418234,608220,24323.02,562500,-,0.35,0.92,0.01%,-3.02%,0.03%,-,VHL,2022-12-31 00:00:00,22.5,VHL
Q3 2022,355365,-4611,-184.00,-,1115759,506752,609007,24354.46,575000,-,0.35,0.94,0.56%,-2.71%,3.18%,-,VHL,2022-09-30 00:00:00,23.0,VHL
Q2 2022,431029,-4327,-172.02,-,1137131,523848,613283,24525.53,630000,-,0.38,1.03,3.48%,5.78%,5.57%,-,VHL,2022-06-30 00:00:00,25.2,VHL
Q1 2022,400196,9510,379.23,-,1096690,433507,663183,26521.54,642500,12.50,0.38,0.97,5.41%,11.00%,8.29%,-,VHL,2022-03-31 00:00:00,23.9,VHL
Q4 2021,458821,17738,637.30,1750.000,1101909,448236,653673,26141.12,675000,16.00,0.41,1.03,3.92%,7.72%,6.52%,6.97%,VHL,2021-12-31 00:00:00,25.11,VHL
Q3 2021,366905,12160,486.00,-,1216872,580790,636082,25437.46,550000,16.26,0.34,0.86,3.85%,8.53%,7.78%,-,VHL,2021-09-30 00:00:00,20.46,VHL
Q2 2021,445507,13836,553.00,-,1180061,555815,624246,24964.03,627500,13.72,0.36,1.01,1.00%,0.17%,8.71%,-,VHL,2021-06-30 00:00:00,23.34,VHL
Q1 2021,364724,280.25,11.00,-,1216084,542040,674044,26955.96,750000,14.42,0.41,1.11,2.06%,9.91%,8.13%,-,VHL,2021-03-31 00:00:00,25.78,VHL
Q4 2020,463004,16493,301.61,2200.000,1246996,573232,673764,26944.75,675000,9.00,0.36,1.00,6.58%,14.91%,12.44%,9.48%,VHL,2020-12-31 00:00:00,23.2,VHL
Q3 2020,482361,24060,962.00,-,1229936,572519,657418,26290.91,600000,5.93,0.31,0.91,5.84%,12.14%,16.92%,-,VHL,2020-09-30 00:00:00,20.62,VHL
Q2 2020,519199,20122,805.00,-,1274095,640737,633358,25328.51,560000,5.06,0.28,0.88,6.20%,13.57%,19.84%,-,VHL,2020-06-30 00:00:00,19.25,VHL
Q1 2020,433745,23269,930.75,-,1262432,570222,692210,27682.60,507500,4.11,0.26,0.73,Upgrade,Upgrade,24.43%,-,VHL,2020-03-31 00:00:00,15.87,VHL
Q4 2019,,,,,,,,,,,,,,,,,VHL,2019-12-31 00:00:00,24.23,VHL
Q3 2024,304774,1301,298.00,-,344479,184855,159624,22164.57,234058,8.39,0.16,1.47,7.40%,20.44%,11.92%,-,PMS,2024-09-30 00:00:00,32.5,PMS
Q2 2024,343738,8612,1159.00,-,326652,167720,158932,22068.51,217494,6.29,0.14,1.37,5.01%,16.45%,15.90%,-,PMS,2024-06-30 00:00:00,30.2,PMS
Q1 2024,368122,7187,961.00,-,374086,195998,178088,24728.36,223255,7.23,0.15,1.25,8.05%,25.94%,13.83%,-,PMS,2024-03-31 00:00:00,28.49,PMS
Q4 2023,470353,10789,1444.00,3350.000,421433,249947,171486,23811.60,203090,6.97,0.14,1.18,6.60%,20.36%,14.35%,12.93%,PMS,2023-12-31 00:00:00,25.92,PMS
Q3 2023,318321,8001,1041.00,-,306328,145103,161225,22386.83,187246,7.60,0.14,1.16,5.27%,12.11%,13.15%,-,PMS,2023-09-30 00:00:00,23.9,PMS
Q2 2023,329988,4905,614.00,-,294756,141568,153188,21270.89,170682,7.37,0.12,1.11,5.08%,12.92%,13.56%,-,PMS,2023-06-30 00:00:00,21.78,PMS
Q1 2023,301126,5441,710.00,-,303473,132578,170895,23729.57,165641,5.90,0.11,0.97,6.38%,15.39%,16.94%,-,PMS,2023-03-31 00:00:00,19.23,PMS
Q4 2022,425526,6275,825.00,2750.000,333348,167256,166092,23062.64,158439,5.75,0.10,0.95,2.15%,16.44%,17.40%,14.95%,PMS,2022-12-31 00:00:00,18.39,PMS
Q3 2022,373319,6529,861.00,-,305592,145547,160045,22222.99,164200,6.27,0.11,1.03,-,-,15.96%,-,PMS,2022-09-30 00:00:00,19.06,PMS
Q2 2022,427444,9807,1318.00,-,322806,165195,157611,21885.06,169242,7.99,0.14,1.07,-,-,12.51%,-,PMS,2022-06-30 00:00:00,19.64,PMS
Q1 2022,344116,4962,641.00,-,-,-,-,-,187966,8.61,0.18,-,-,-,11.61%,-,PMS,2022-03-31 00:00:00,20.01,PMS
Q4 2021,300575,4909,641.00,2400.000,324736,161258,163478,22699.71,164921,7.20,0.18,1.01,-,-,13.89%,13.67%,PMS,2021-12-31 00:00:00,17.56,PMS
Q3 2021,150919,1497,156.00,-,-,-,-,-,156999,6.69,0.16,-,-,25.58%,14.95%,-,PMS,2021-09-30 00:00:00,16.71,PMS
Q2 2021,257456,10452,1400.00,-,-,-,163458,22696.91,136113,4.84,0.13,0.83,3.66%,15.05%,20.65%,-,PMS,2021-06-30 00:00:00,14.49,PMS
Q1 2021,210157,6054,789.00,-,249889,86431,163458,22696.91,144035,6.19,0.15,0.88,5.30%,14.06%,16.16%,-,PMS,2021-03-31 00:00:00,13.81,PMS
Q4 2020,371991,5476,709.00,2200.000,320398,162059,158339,21986.05,108027,5.14,0.11,0.68,4.60%,16.27%,19.45%,21.23%,PMS,2020-12-31 00:00:00,10.36,PMS
Q3 2020,188972,6123,799.00,-,268143,114825,153317,21288.85,96504,4.90,0.10,0.63,-,-,20.42%,-,PMS,2020-09-30 00:00:00,9.26,PMS
Q2 2020,201461,5623,729.00,-,267532,119741,147791,20521.43,95063,5.47,0.09,0.64,-,-,18.29%,-,PMS,2020-06-30 00:00:00,9.12,PMS
Q1 2020,223951,3792,475.00,-,-,-,-,-,71298,3.83,0.07,-,Upgrade,Upgrade,26.11%,-,PMS,2020-03-31 00:00:00,6.11,PMS
Q4 2019,,,,,,,,,,,,,,,,,PMS,2019-12-31 00:00:00,7.89,PMS
Q3 2024,198005,2032,406.00,-,282292,144286,138006,27601.16,215000,-214.73,0.31,1.56,-0.56%,-6.55%,-0.47%,-,CAN,2024-09-30 00:00:00,43.0,CAN
Q2 2024,164774,-2307,-461.00,-,295519,159790,135728,27145.69,225000,-,0.32,1.66,-,-,0.60%,-,CAN,2024-06-30 00:00:00,45.0,CAN
Q1 2024,164344,-5788,-1158.00,-,364756,218770,145986,29209.46,249500,-,0.35,1.71,3.30%,13.57%,2.71%,-,CAN,2024-03-31 00:00:00,48.64,CAN
Q4 2023,167027,5062,1012.00,-,402850,251076,151773,30343.94,340000,27.91,0.46,2.24,5.16%,12.15%,3.58%,-,CAN,2023-12-31 00:00:00,66.29,CAN
Q3 2023,196701,4390,878.00,-,403163,256451,146712,29342.32,335000,37.22,0.43,2.28,3.91%,8.58%,2.69%,-,CAN,2023-09-30 00:00:00,65.31,CAN
Q2 2023,190248,3108,622.00,-,398235,255800,142435,28487.06,215000,18.06,0.27,1.51,-,-,5.54%,-,CAN,2023-06-30 00:00:00,41.92,CAN
Q1 2023,187607,-377.38,-75.00,-,445059,297732,147327,29465.38,187000,-,0.23,1.27,-,-,4.83%,-,CAN,2023-03-31 00:00:00,35.09,CAN
Q4 2022,209440,1879,376.00,-,-,-,-,-,243500,15.20,0.30,-,6.05%,20.53%,6.58%,-,CAN,2022-12-31 00:00:00,45.69,CAN
Q3 2022,214920,7297,1459.00,-,494625,348800,145826,29165.12,267500,8.09,0.31,1.83,2.23%,0.65%,12.36%,-,CAN,2022-09-30 00:00:00,50.2,CAN
Q2 2022,208478,237.09,47.40,-,447401,308873,138528,27705.64,329000,10.33,0.38,2.37,-,-,9.68%,-,CAN,2022-06-30 00:00:00,61.74,CAN
Q1 2022,173241,6604,1321.00,-,395392,241000,154391,30878.22,248000,8.33,0.30,1.61,-,-,12.00%,-,CAN,2022-03-31 00:00:00,44.85,CAN
Q3 2021,258962,18917,3783.00,-,-,-,-,-,167500,6.39,0.20,-,5.12%,19.46%,15.64%,-,CAN,2021-09-30 00:00:00,30.29,CAN
Q2 2021,215566,6091,1217.00,-,364129,241524,122605,24520.95,175000,16.20,0.23,1.43,-0.73%,-5.76%,6.17%,-,CAN,2021-06-30 00:00:00,30.04,CAN
Q1 2021,167582,-1854,-371.00,-,356992,229228,127764,25552.85,135000,-,0.19,1.06,2.51%,9.45%,9.62%,-,CAN,2021-03-31 00:00:00,23.18,CAN
Q4 2020,198343,3051,609.95,1800.000,397409,267790,129619,25923.72,125000,6.90,0.17,0.96,3.99%,11.02%,14.49%,8.39%,CAN,2020-12-31 00:00:00,21.46,CAN
Q3 2020,187880,3515,703.00,-,383729,255136,128593,25718.69,153000,8.42,0.22,1.19,10.11%,26.43%,11.88%,-,CAN,2020-09-30 00:00:00,26.27,CAN
Q2 2020,174595,8269,1653.94,-,289483,162904,126578,25315.67,120000,5.11,0.18,0.95,4.83%,10.78%,19.56%,-,CAN,2020-06-30 00:00:00,19.83,CAN
Q1 2020,173526,3281,656.14,-,296381,172646,123735,24731.28,119000,7.55,0.19,0.96,4.91%,10.70%,13.24%,-,CAN,2020-03-31 00:00:00,19.66,CAN
Q4 2021,,,,,,,,,,,,,,,,,CAN,2021-12-31 00:00:00,51.54,CAN
Q4 2019,,,,,,,,,,,,,,,,,CAN,2019-12-31 00:00:00,18.09,CAN
Q3 2024,488861,5693,219.00,-,1531781,1055899,475881,18303.24,197599,8.78,0.09,0.42,0.66%,5.74%,11.39%,-,SD5,2024-09-30 00:00:00,7.6,SD5
Q2 2024,777162,6852,264.00,-,1728706,1258518,470188,18084.26,200199,8.76,0.08,0.43,0.55%,5.45%,11.42%,-,SD5,2024-06-30 00:00:00,7.7,SD5
Q1 2024,554097,6549,252.00,-,1655776,1171389,484388,18630.40,200199,9.05,0.09,0.41,-0.56%,2.86%,11.05%,-,SD5,2024-03-31 00:00:00,7.7,SD5
Q4 2023,421607,3404,130.99,600.000,1495148,1017310,477838,18378.50,192399,9.14,0.09,0.40,0.88%,5.13%,10.94%,8.75%,SD5,2023-12-31 00:00:00,6.86,SD5
Q3 2023,716603,6051,233.00,-,1577197,1102762,474434,18247.57,192399,11.95,0.08,0.41,-,-,8.37%,-,SD5,2023-09-30 00:00:00,6.86,SD5
Q2 2023,599936,6114,235.00,-,1815810,1347427,468383,18001.51,187199,11.71,0.09,0.40,-,-,8.54%,-,SD5,2023-06-30 00:00:00,6.67,SD5
Q1 2023,524000,5482,211.00,-,-,-,474225,18247.05,171599,9.48,0.08,0.36,0.34%,-1.30%,10.55%,-,SD5,2023-03-31 00:00:00,6.12,SD5
Q4 2022,534894,-1546,-59.61,-,1762536,1288310,474225,18283.59,189799,-,0.10,0.40,3.41%,5.02%,10.09%,-,SD5,2022-12-31 00:00:00,6.15,SD5
Q3 2022,508672,5934,228.00,-,1912352,1436581,475771,18281.13,241799,11.57,0.13,0.51,-,6.95%,8.64%,-,SD5,2022-09-30 00:00:00,7.84,SD5
Q2 2022,504316,8241,317.00,-,1694754,1224917,469837,18073.22,233999,14.35,0.12,0.50,-,5.46%,6.97%,-,SD5,2022-06-30 00:00:00,7.59,SD5
Q1 2022,378606,6525,251.00,-,-,-,478352,19367.61,335398,21.50,0.17,0.70,-,-,4.65%,-,SD5,2022-03-31 00:00:00,10.87,SD5
Q4 2021,465318,197.59,8.00,-,1475514,997162,478352,19367.61,319798,16.75,0.15,0.67,-,-,5.97%,-,SD5,2021-12-31 00:00:00,10.37,SD5
Q3 2021,569358,1343,52.00,-,-,-,-,-,301598,10.78,0.15,-,-,-,9.28%,-,SD5,2021-09-30 00:00:00,9.06,SD5
Q2 2021,524454,7534,290.00,-,-,-,-,-,246999,6.88,0.13,-,-,8.24%,14.53%,-,SD5,2021-06-30 00:00:00,7.42,SD5
Q1 2021,556637,10012,385.00,-,-,-,485817,18661.91,228799,6.60,0.12,0.47,1.09%,7.55%,15.14%,-,SD5,2021-03-31 00:00:00,6.87,SD5
Q4 2020,312203,9085,349.00,-,1491952,1006135,485817,18661.91,218399,7.29,0.12,0.45,2.53%,7.84%,13.73%,-,SD5,2020-12-31 00:00:00,6.56,SD5
Q3 2020,469823,9252,356.00,-,1562826,1086094,476732,18344.29,161199,6.10,0.09,0.34,-,5.33%,16.40%,-,SD5,2020-09-30 00:00:00,4.84,SD5
Q2 2020,557685,6292,242.00,-,1619691,1152211,467480,17980.82,119599,5.74,0.07,0.26,-,4.49%,17.42%,-,SD5,2020-06-30 00:00:00,3.23,SD5
Q1 2020,472872,5347,205.50,-,-,-,476756,18336.87,119599,6.01,0.08,0.25,Upgrade,Upgrade,16.64%,-,SD5,2020-03-31 00:00:00,2.71,SD5
Q4 2019,,,,,,,,,,,,,,,,,SD5,2019-12-31 00:00:00,3.07,SD5
Q4 2023,3880444,11623,1485.00,-,6417588,6192709,224878,28735.04,241038,9.51,0.02,1.07,0.12%,10.89%,10.51%,-,VGP,2023-12-31 00:00:00,30.15,VGP
Q3 2023,3359291,6031,771.15,-,6417588,6192709,224878,28735.04,262168,10.07,0.02,1.17,0.15%,13.63%,9.93%,-,VGP,2023-09-30 00:00:00,32.11,VGP
Q2 2023,2777755,7313,934.00,-,5857658,5639365,218293,27893.64,233212,11.39,0.02,1.07,0.27%,0.70%,8.78%,-,VGP,2023-06-30 00:00:00,28.57,VGP
Q1 2023,3007892,367.85,47.00,-,6099923,5888943,210980,26959.17,215213,10.44,0.02,1.02,0.27%,23.78%,9.58%,-,VGP,2023-03-31 00:00:00,25.69,VGP
Q4 2022,4593187,12317,1574.82,600.000,6668580,6457967,210613,26912.17,215213,10.46,0.02,1.02,0.58%,0.94%,9.56%,2.34%,VGP,2022-12-31 00:00:00,25.69,VGP
Q3 2022,3293956,477.6,60.00,-,5998037,5794264,203773,26038.25,215213,14.41,0.02,1.06,0.22%,14.94%,6.94%,-,VGP,2022-09-30 00:00:00,25.69,VGP
Q2 2022,2497352,7455,953.00,-,5217844,5014549,203296,25977.22,195648,13.34,0.02,0.96,0.87%,0.68%,7.50%,-,VGP,2022-06-30 00:00:00,23.35,VGP
Q1 2022,2541141,334.28,43.00,-,4981936,4786096,195841,25191.60,219126,12.84,0.02,1.12,-,-,7.79%,-,VGP,2022-03-31 00:00:00,26.16,VGP
Q4 2021,2106020,6663,851.00,700.000,4400034,4204527,195506,24981.91,225387,13.29,0.02,1.15,-,-,7.53%,2.60%,VGP,2021-12-31 00:00:00,26.9,VGP
Q3 2021,2145514,218.85,28.00,-,-,-,-,-,211300,8.46,0.02,-,1.45%,21.43%,11.83%,-,VGP,2021-09-30 00:00:00,25.22,VGP
Q2 2021,4368526,9844,1258.00,-,5366483,5177858,188624,24106.10,377992,15.05,0.04,2.00,-,-,6.64%,-,VGP,2021-06-30 00:00:00,45.12,VGP
Q1 2021,1699484,239.48,31.00,-,3890380,3711599,178781,23142.73,211300,13.70,0.03,1.18,0.99%,34.34%,7.30%,-,VGP,2021-03-31 00:00:00,25.22,VGP
Q4 2020,2237670,14686,1877.00,-,3668124,3489583,178541,22818.64,179996,11.66,0.02,1.01,1.70%,0.83%,8.58%,-,VGP,2020-12-31 00:00:00,21.49,VGP
Q3 2020,2030605,341.12,44.00,-,3418081,3254476,163605,20905.58,157301,116.63,0.01,0.96,0.52%,0.38%,0.86%,-,VGP,2020-09-30 00:00:00,18.78,VGP
Q2 2020,1731800,157.23,20.00,-,3604256,3440992,163264,20861.99,82955,69.18,0.01,0.51,-,-,1.45%,-,VGP,2020-06-30 00:00:00,9.25,VGP
Q1 2020,3238413,253.92,32.00,-,4316790,4145858,170933,21541.61,113476,97.21,0.01,0.66,0.67%,1.41%,1.03%,-,VGP,2020-03-31 00:00:00,12.65,VGP
Q3 2024,,,,,,,,,,,,,,,,,VGP,2024-09-30 00:00:00,29.7,VGP
Q2 2024,,,,,,,,,,,,,,,,,VGP,2024-06-30 00:00:00,29.66,VGP
Q1 2024,,,,,,,,,,,,,,,,,VGP,2024-03-31 00:00:00,25.45,VGP
Q4 2019,,,,,,,,,,,,,,,,,VGP,2019-12-31 00:00:00,19.98,VGP
Q3 2024,-1660,-1206,-41.84,-,368262,4497,363765,11023.19,267300,-,10.99,0.73,-,3.48%,4.15%,-,HBS,2024-09-30 00:00:00,8.1,HBS
Q2 2024,8380,3400,76.00,-,430990,69913,361076,10941.72,303600,18.04,8.45,0.84,-,3.82%,5.54%,-,HBS,2024-06-30 00:00:00,7.76,HBS
Q1 2024,8774,4014,108.00,-,-,-,420632,12746.42,280500,15.69,9.10,0.67,4.62%,4.66%,6.37%,-,HBS,2024-03-31 00:00:00,7.17,HBS
Q4 2023,8824,4876,148.00,2000.000,424389,3757,420632,12746.42,267300,14.48,10.61,0.64,4.36%,4.39%,6.91%,29.26%,HBS,2023-12-31 00:00:00,6.83,HBS
Q3 2023,9964,4543,138.00,-,419110,3355,415756,12598.67,290400,17.84,11.11,0.70,4.32%,4.35%,5.61%,-,HBS,2023-09-30 00:00:00,7.43,HBS
Q2 2023,3256,4448,135.00,-,414120,2914,411206,12479.37,277200,21.17,14.93,0.67,4.50%,4.53%,4.72%,-,HBS,2023-06-30 00:00:00,7.09,HBS
Q1 2023,3160,4591,123.00,-,408985,2228,406757,10897.81,168300,-41.03,18.07,0.41,2.66%,2.68%,-2.44%,-,HBS,2023-03-31 00:00:00,4.3,HBS
Q4 2022,9760,2699,82.29,-,407183,3206,403977,12241.75,174900,28.96,7.07,0.43,1.34%,1.35%,3.45%,-,HBS,2022-12-31 00:00:00,4.47,HBS
Q3 2022,2386,1353,41.00,-,404966,4154,400812,12142.85,204600,22.75,8.43,0.51,-,-,4.40%,-,HBS,2022-09-30 00:00:00,5.23,HBS
Q2 2022,-5993,-12745,-386.00,-,401206,1913,399293,12093.28,214500,-,8.53,0.54,-,14.82%,3.82%,-,HBS,2022-06-30 00:00:00,5.48,HBS
Q1 2022,18567,14732,446.00,-,-,-,397509,11658.05,386100,17.51,10.61,0.97,5.68%,5.73%,5.71%,-,HBS,2022-03-31 00:00:00,9.87,HBS
Q4 2021,9317,5654,165.82,-,402010,4501,397509,11658.05,537900,65.10,24.05,1.35,0.57%,0.57%,1.54%,-,HBS,2021-12-31 00:00:00,13.75,HBS
Q3 2021,3258,559.15,17.00,-,394085,2230,391855,11913.62,379500,144.13,24.25,0.97,-,-,0.69%,-,HBS,2021-09-30 00:00:00,9.7,HBS
Q2 2021,5243,1100,33.00,-,393702,2406,391296,11738.01,293700,140.50,19.17,0.75,-,-,0.71%,-,HBS,2021-06-30 00:00:00,7.51,HBS
Q1 2021,4550,949.9,29.00,-,-,-,-,-,204600,157.99,15.74,-,-,-,0.63%,-,HBS,2021-03-31 00:00:00,5.23,HBS
Q3 2020,2599,23.88,1.00,-,-,-,-,-,72600,27.03,6.47,-,-,-,3.70%,-,HBS,2020-09-30 00:00:00,1.86,HBS
Q2 2020,2927,16.47,0.49,-,-,-,-,-,69300,22.46,6.10,-,-,-,4.45%,-,HBS,2020-06-30 00:00:00,1.77,HBS
Q1 2020,2921,304.78,9.00,-,-,-,-,-,62700,20.00,4.98,-,-,-,5.00%,-,HBS,2020-03-31 00:00:00,1.6,HBS
Q4 2020,,,,,,,,,,,,,,,,,HBS,2020-12-31 00:00:00,3.38,HBS
Q4 2019,,,,,,,,,,,,,,,,,HBS,2019-12-31 00:00:00,1.6,HBS
Q3 2024,86065,11049,2179.00,-,496056,287054,209002,41219.61,243360,7.09,0.54,1.16,-,-1.72%,14.11%,-,KTS,2024-09-30 00:00:00,41.2,KTS
Q2 2024,58308,-877.7,-,-,-,-,203766,40322.11,235755,-,0.46,1.16,0.64%,0.86%,15.16%,-,KTS,2024-06-30 00:00:00,46.0,KTS
Q1 2024,15403,439.65,87.00,-,468852,265086,203766,40322.11,174408,4.56,0.35,0.86,14.78%,49.29%,21.91%,-,KTS,2024-03-31 00:00:00,46.98,KTS
Q4 2023,288836,23734,4681.00,800.000,481512,277643,203869,40208.18,125736,3.29,0.23,0.62,-,-,30.38%,3.30%,KTS,2023-12-31 00:00:00,45.51,KTS
Q3 2023,153441,12442,2454.00,-,459421,278085,181336,35764.48,73515,4.14,0.24,0.41,-,-,24.15%,-,KTS,2023-09-30 00:00:00,32.96,KTS
Q2 2023,46567,1598,-,-,456396,285893,170503,-,74529,8.09,0.29,0.44,-,-,12.36%,-,KTS,2023-06-30 00:00:00,23.76,KTS
Q1 2023,58834,422.36,83.00,-,-,-,-,-,87711,10.95,0.38,-,-,-,9.13%,-,KTS,2023-03-31 00:00:00,13.89,KTS
Q4 2022,46967,3293,650.00,-,401185,231619,169566,33465.81,85683,10.71,0.48,0.51,-,9.57%,9.33%,-,KTS,2022-12-31 00:00:00,14.08,KTS
Q3 2022,109022,3900,692.00,-,-,-,163077,28807.59,105963,13.16,0.50,0.65,-,0.97%,7.60%,-,KTS,2022-09-30 00:00:00,16.57,KTS
Q2 2022,13560,396.26,70.00,-,414277,251200,163077,28807.59,113568,23.61,0.53,0.70,-,1.00%,4.24%,-,KTS,2022-06-30 00:00:00,16.19,KTS
Q1 2022,10203,408.41,72.50,-,-,-,163157,32158.87,104949,21.96,0.48,0.64,6.72%,8.28%,4.55%,-,KTS,2022-03-31 00:00:00,20.02,KTS
Q4 2021,80463,3348,660.00,-,439579,276421,163157,32158.87,76050,13.94,0.31,0.47,1.57%,1.64%,7.17%,-,KTS,2021-12-31 00:00:00,21.46,KTS
Q3 2021,109556,658.01,117.00,-,447790,287344,160446,28528.69,95316,31.07,0.38,0.59,0.50%,0.91%,3.22%,-,KTS,2021-09-30 00:00:00,19.83,KTS
Q2 2021,17478,363.87,65.00,-,411897,251475,160423,28657.48,70980,24.15,0.37,0.44,3.68%,2.72%,4.14%,-,KTS,2021-06-30 00:00:00,14.37,KTS
Q1 2021,40722,1083,214.00,-,403465,243796,159669,31543.11,55770,11.79,0.29,0.35,5.59%,2.43%,8.48%,-,KTS,2021-03-31 00:00:00,18.01,KTS
Q4 2020,80545,962.63,190.00,-,398917,240134,158783,31340.04,51207,25.83,0.33,0.32,1.21%,1.34%,3.87%,-,KTS,2020-12-31 00:00:00,13.41,KTS
Q3 2020,53772,529.12,104.00,-,403812,245546,158267,31107.67,44109,-21.15,0.30,0.28,Upgrade,Upgrade,-4.73%,-,KTS,2020-09-30 00:00:00,10.54,KTS
Q2 2020,,,,,,,,,,,,,,,,,KTS,2020-06-30 00:00:00,9.68,KTS
Q1 2020,,,,,,,,,,,,,,,,,KTS,2020-03-31 00:00:00,8.34,KTS
Q4 2019,,,,,,,,,,,,,,,,,KTS,2019-12-31 00:00:00,8.53,KTS
Q1 2024,48069,3671,408.00,-,242721,88464,154257,17146.48,280800,16.75,1.59,1.82,1.77%,10.79%,5.97%,-,VMS,2024-03-31 00:00:00,29.81,VMS
Q4 2023,49384,4008,445.00,-,234320,83733,150586,16720.05,315000,21.71,1.93,2.09,4.56%,12.98%,4.61%,-,VMS,2023-12-31 00:00:00,32.49,VMS
Q3 2023,42384,4685,520.00,-,260746,114068,146678,16279.56,283500,22.60,1.83,1.93,2.49%,12.08%,4.42%,-,VMS,2023-09-30 00:00:00,29.24,VMS
Q2 2023,37085,4396,488.00,-,244300,102308,141993,15761.10,180000,15.64,1.11,1.27,-0.29%,3.82%,6.39%,-,VMS,2023-06-30 00:00:00,18.57,VMS
Q1 2023,34092,1420,158.00,-,243098,93971,149127,16594.22,153000,17.08,0.78,1.03,1.73%,5.52%,5.86%,-,VMS,2023-03-31 00:00:00,15.78,VMS
Q4 2022,41162,2040,-,1000.000,239006,90902,148104,-,162000,16.59,0.76,1.09,2.84%,10.04%,6.03%,5.98%,VMS,2022-12-31 00:00:00,16.71,VMS
Q3 2022,49352,3651,406.00,-,250798,103457,147341,16384.49,107100,9.39,0.47,0.73,1.54%,5.02%,10.65%,-,VMS,2022-09-30 00:00:00,11.05,VMS
Q2 2022,71168,1848,-,-,247424,103734,143690,-,102600,10.29,0.46,0.71,-,-,9.72%,-,VMS,2022-06-30 00:00:00,9.92,VMS
Q1 2022,51326,2225,-,-,251222,100296,150926,-,141300,15.06,0.65,0.94,2.78%,9.76%,6.64%,-,VMS,2022-03-31 00:00:00,13.66,VMS
Q4 2021,53698,3684,-,-,248886,101462,147424,-,159300,17.72,0.72,1.08,1.39%,5.75%,5.64%,-,VMS,2021-12-31 00:00:00,15.4,VMS
Q3 2021,49152,2211,-,-,256100,101560,154540,-,138600,20.69,0.58,0.90,-,-,4.83%,-,VMS,2021-09-30 00:00:00,12.4,VMS
Q2 2021,63659,1264,-,-,263440,110406,153035,-,91800,12.01,0.37,0.60,-,4.65%,8.33%,-,VMS,2021-06-30 00:00:00,8.21,VMS
Q1 2021,56216,1832,-,-,-,-,157408,-,85500,7.94,0.37,0.54,0.77%,3.55%,12.59%,-,VMS,2021-03-31 00:00:00,7.24,VMS
Q4 2020,67971,1391,-,1200.000,269427,112019,157408,-,66600,6.58,0.31,0.42,3.18%,8.18%,15.20%,21.28%,VMS,2020-12-31 00:00:00,5.64,VMS
Q3 2020,60444,3158,-,-,266828,110812,156017,-,57600,5.36,0.27,0.37,2.12%,17.17%,18.67%,-,VMS,2020-09-30 00:00:00,4.88,VMS
Q2 2020,49093,4381,-,-,258031,105173,152859,-,54000,5.70,0.26,0.35,-,-,17.53%,-,VMS,2020-06-30 00:00:00,4.57,VMS
Q1 2020,38072,1195,-,-,85542,34262,51280,-,45000,7.01,0.20,0.88,0.89%,5.50%,14.28%,-,VMS,2020-03-31 00:00:00,3.81,VMS
Q3 2024,,,,,,,,,,,,,,,,,VMS,2024-09-30 00:00:00,18.7,VMS
Q2 2024,,,,,,,,,,,,,,,,,VMS,2024-06-30 00:00:00,24.5,VMS
Q4 2019,,,,,,,,,,,,,,,,,VMS,2019-12-31 00:00:00,6.86,VMS
Q1 2024,48069,3671,408.00,-,242721,88464,154257,17146.48,280800,16.75,1.59,1.82,1.77%,10.79%,5.97%,-,VSM,2024-03-31 00:00:00,17.08,VSM
Q4 2023,49384,4008,445.00,-,234320,83733,150586,16720.05,315000,21.71,1.93,2.09,4.56%,12.98%,4.61%,-,VSM,2023-12-31 00:00:00,15.87,VSM
Q3 2023,42384,4685,520.00,-,260746,114068,146678,16279.56,283500,22.60,1.83,1.93,2.49%,12.08%,4.42%,-,VSM,2023-09-30 00:00:00,15.87,VSM
Q2 2023,37085,4396,488.00,-,244300,102308,141993,15761.10,180000,15.64,1.11,1.27,-0.29%,3.82%,6.39%,-,VSM,2023-06-30 00:00:00,16.99,VSM
Q1 2023,34092,1420,158.00,-,243098,93971,149127,16594.22,153000,17.08,0.78,1.03,1.73%,5.52%,5.86%,-,VSM,2023-03-31 00:00:00,19.44,VSM
Q4 2022,41162,2040,-,1000.000,239006,90902,148104,-,162000,16.59,0.76,1.09,2.84%,10.04%,6.03%,6.72%,VSM,2022-12-31 00:00:00,14.88,VSM
Q3 2022,49352,3651,406.00,-,250798,103457,147341,16384.49,107100,9.39,0.47,0.73,1.54%,5.02%,10.65%,-,VSM,2022-09-30 00:00:00,19.1,VSM
Q2 2022,71168,1848,-,-,247424,103734,143690,-,102600,10.29,0.46,0.71,-,-,9.72%,-,VSM,2022-06-30 00:00:00,19.9,VSM
Q1 2022,51326,2225,-,-,251222,100296,150926,-,141300,15.06,0.65,0.94,2.78%,9.76%,6.64%,-,VSM,2022-03-31 00:00:00,21.89,VSM
Q4 2021,53698,3684,-,-,248886,101462,147424,-,159300,17.72,0.72,1.08,1.39%,5.75%,5.64%,-,VSM,2021-12-31 00:00:00,21.25,VSM
Q3 2021,49152,2211,-,-,256100,101560,154540,-,138600,20.69,0.58,0.90,-,-,4.83%,-,VSM,2021-09-30 00:00:00,18.83,VSM
Q2 2021,63659,1264,-,-,263440,110406,153035,-,91800,12.01,0.37,0.60,-,4.65%,8.33%,-,VSM,2021-06-30 00:00:00,14.45,VSM
Q1 2021,56216,1832,-,-,-,-,157408,-,85500,7.94,0.37,0.54,0.77%,3.55%,12.59%,-,VSM,2021-03-31 00:00:00,13.21,VSM
Q4 2020,67971,1391,-,1200.000,269427,112019,157408,-,66600,6.58,0.31,0.42,3.18%,8.18%,15.20%,11.35%,VSM,2020-12-31 00:00:00,10.57,VSM
Q3 2020,60444,3158,-,-,266828,110812,156017,-,57600,5.36,0.27,0.37,2.12%,17.17%,18.67%,-,VSM,2020-09-30 00:00:00,7.71,VSM
Q2 2020,49093,4381,-,-,258031,105173,152859,-,54000,5.70,0.26,0.35,-,-,17.53%,-,VSM,2020-06-30 00:00:00,8.01,VSM
Q1 2020,38072,1195,-,-,85542,34262,51280,-,45000,7.01,0.20,0.88,0.89%,5.50%,14.28%,-,VSM,2020-03-31 00:00:00,6.88,VSM
Q3 2024,,,,,,,,,,,,,,,,,VSM,2024-09-30 00:00:00,18.3,VSM
Q2 2024,,,,,,,,,,,,,,,,,VSM,2024-06-30 00:00:00,18.1,VSM
Q4 2019,,,,,,,,,,,,,,,,,VSM,2019-12-31 00:00:00,6.68,VSM
Q3 2024,42927,4585,400.97,-,160266,43139,117128,10242.10,231773,13.09,1.40,1.98,7.51%,12.99%,7.64%,-,GMX,2024-09-30 00:00:00,17.8,GMX
Q2 2024,39480,3754,298.00,300.000,168140,52517,115623,9179.11,251704,13.34,1.52,2.18,-,-,7.49%,13.05%,GMX,2024-06-30 00:00:00,18.38,GMX
Q1 2024,39480,3754,298.00,300.000,168140,52517,115623,9179.11,251704,11.88,1.40,2.18,10.69%,18.83%,8.42%,12.02%,GMX,2024-03-31 00:00:00,17.47,GMX
Q4 2023,43158,5616,485.00,1800.000,167782,48508,119275,10301.20,247730,10.54,1.28,2.08,-,-,9.49%,10.47%,GMX,2023-12-31 00:00:00,17.19,GMX
Q3 2023,43659,5740,495.51,-,167782,48508,119275,10296.84,263627,10.59,1.19,2.21,-,-,9.44%,-,GMX,2023-09-30 00:00:00,17.52,GMX
Q2 2023,53026,6078,525.00,-,-,-,-,-,271575,10.47,1.09,-,-,-,9.55%,-,GMX,2023-06-30 00:00:00,18.05,GMX
Q1 2023,53026,6078,525.00,-,-,-,-,-,267601,10.91,1.03,-,17.42%,31.77%,9.16%,-,GMX,2023-03-31 00:00:00,16.97,GMX
Q4 2022,,,,,,,,,,,,,,,,,GMX,2022-12-31 00:00:00,15.12,GMX
Q3 2022,,,,,,,,,,,,,,,,,GMX,2022-09-30 00:00:00,14.41,GMX
Q2 2022,,,,,,,,,,,,,,,,,GMX,2022-06-30 00:00:00,13.14,GMX
Q1 2022,,,,,,,,,,,,,,,,,GMX,2022-03-31 00:00:00,14.97,GMX
Q4 2021,,,,,,,,,,,,,,,,,GMX,2021-12-31 00:00:00,14.9,GMX
Q3 2021,,,,,,,,,,,,,,,,,GMX,2021-09-30 00:00:00,17.7,GMX
Q2 2021,,,,,,,,,,,,,,,,,GMX,2021-06-30 00:00:00,16.41,GMX
Q1 2021,,,,,,,,,,,,,,,,,GMX,2021-03-31 00:00:00,12.09,GMX
Q4 2020,,,,,,,,,,,,,,,,,GMX,2020-12-31 00:00:00,10.63,GMX
Q3 2020,,,,,,,,,,,,,,,,,GMX,2020-09-30 00:00:00,10.19,GMX
Q2 2020,,,,,,,,,,,,,,,,,GMX,2020-06-30 00:00:00,9.78,GMX
Q1 2020,,,,,,,,,,,,,,,,,GMX,2020-03-31 00:00:00,8.39,GMX
Q4 2019,,,,,,,,,,,,,,,,,GMX,2019-12-31 00:00:00,9.87,GMX
Q3 2024,285434,4861,663.00,-,242849,97917,144932,19766.15,205152,6.21,0.17,1.42,9.12%,18.32%,16.11%,-,PJC,2024-09-30 00:00:00,26.62,PJC
Q2 2024,307308,6832,933.00,-,237315,97230,140085,19131.15,197093,5.98,0.16,1.41,7.24%,14.33%,16.72%,-,PJC,2024-06-30 00:00:00,25.58,PJC
Q1 2024,292683,5544,756.00,-,230057,71885,158172,21567.46,194162,6.62,0.16,1.23,-,-,15.11%,-,PJC,2024-03-31 00:00:00,23.85,PJC
Q4 2023,313722,15809,2160.00,1500.000,230305,78857,151447,20692.35,182439,5.97,0.15,1.20,-,-,16.75%,6.76%,PJC,2023-12-31 00:00:00,21.1,PJC
Q3 2023,294316,4777,652.00,-,-,-,-,-,175845,6.60,0.14,-,4.19%,9.30%,15.16%,-,PJC,2023-09-30 00:00:00,20.34,PJC
Q2 2023,289212,3211,440.00,-,219234,88373,130861,17933.72,150201,6.09,0.12,1.15,-,-,16.43%,-,PJC,2023-06-30 00:00:00,17.37,PJC
Q1 2023,305592,6754,920.00,-,229528,84157,145371,19803.05,190498,7.17,0.15,1.31,17.55%,35.92%,13.94%,-,PJC,2023-03-31 00:00:00,22.04,PJC
Q4 2022,357008,11912,1630.00,-,228480,89862,138618,18968.70,185370,7.48,0.15,1.34,4.24%,8.94%,13.38%,-,PJC,2022-12-31 00:00:00,20.16,PJC
Q3 2022,307807,2800,380.00,-,213759,87053,126706,17197.23,168518,10.47,0.17,1.33,-,-,9.55%,-,PJC,2022-09-30 00:00:00,18.32,PJC
Q2 2022,302047,5099,700.00,-,196153,72246,123906,17010.73,198558,11.03,0.22,1.60,-,-,9.07%,-,PJC,2022-06-30 00:00:00,21.59,PJC
Q1 2022,231229,4985,680.00,-,-,-,-,-,178043,10.22,0.23,-,-,-,9.78%,-,PJC,2022-03-31 00:00:00,19.36,PJC
Q3 2021,168894,3215,440.00,-,-,-,-,-,154597,8.45,0.19,-,-,-,11.84%,-,PJC,2021-09-30 00:00:00,15.78,PJC
Q2 2021,193037,4702,640.00,-,-,-,-,-,143606,6.06,0.15,-,-,-,16.50%,-,PJC,2021-06-30 00:00:00,14.66,PJC
Q1 2021,194794,4518,615.00,-,-,-,-,-,161191,8.48,0.22,-,-,-,11.79%,-,PJC,2021-03-31 00:00:00,16.46,PJC
Q4 2021,,,,,,,,,,,,,,,,,PJC,2021-12-31 00:00:00,16.83,PJC
Q4 2020,,,,,,,,,,,,,,,,,PJC,2020-12-31 00:00:00,18.59,PJC
Q3 2020,,,,,,,,,,,,,,,,,PJC,2020-09-30 00:00:00,17.04,PJC
Q2 2020,,,,,,,,,,,,,,,,,PJC,2020-06-30 00:00:00,18.28,PJC
Q1 2020,,,,,,,,,,,,,,,,,PJC,2020-03-31 00:00:00,18.35,PJC
Q4 2019,,,,,,,,,,,,,,,,,PJC,2019-12-31 00:00:00,19.13,PJC
Q3 2024,46381,2655,123.00,-,279026,40114,238911,11068.92,195807,10.77,0.88,0.82,2.22%,6.60%,9.29%,-,NAP,2024-09-30 00:00:00,9.1,NAP
Q2 2024,50718,4104,191.00,-,293938,44419,249518,11613.84,243144,10.88,0.98,0.97,6.90%,10.97%,9.19%,-,NAP,2024-06-30 00:00:00,11.3,NAP
Q1 2024,65811,6714,312.00,-,290705,42580,248125,11531.17,206565,8.86,0.81,0.83,4.37%,7.87%,11.29%,-,NAP,2024-03-31 00:00:00,9.08,NAP
Q4 2023,59737,4709,219.00,-,310013,68429,241584,11234.31,258206,11.97,1.09,1.07,-,-,8.35%,-,NAP,2023-12-31 00:00:00,11.35,NAP
Q3 2023,72148,6831,317.00,-,294486,57612,236874,10993.12,126951,6.31,0.55,0.54,-,-,15.86%,-,NAP,2023-09-30 00:00:00,5.01,NAP
Q2 2023,57780,5058,235.00,-,-,-,-,-,126951,9.47,0.64,-,-,-,10.56%,-,NAP,2023-06-30 00:00:00,5.04,NAP
Q1 2023,47638,4968,231.00,-,257110,15373,241737,11239.19,180744,11.19,0.94,0.75,-,5.46%,8.93%,-,NAP,2023-03-31 00:00:00,7.17,NAP
Q4 2022,54692,3272,152.00,570.000,262117,25348,236769,11006.30,217324,13.11,1.13,0.92,-,0.18%,7.63%,6.61%,NAP,2022-12-31 00:00:00,8.63,NAP
Q3 2022,37374,111.17,5.00,-,-,-,242584,11262.46,286179,17.65,1.56,1.18,-,-,5.67%,-,NAP,2022-09-30 00:00:00,11.36,NAP
Q2 2022,53183,7797,362.00,-,264267,21683,242584,11262.46,279724,14.52,1.43,1.15,-,-,6.89%,-,NAP,2022-06-30 00:00:00,10.63,NAP
Q1 2022,46639,5396,251.00,-,-,-,-,-,286179,19.45,1.45,-,1.92%,5.04%,5.14%,-,NAP,2022-03-31 00:00:00,10.88,NAP
Q4 2021,46731,2911,135.00,-,273998,42771,231227,10721.71,268965,19.11,1.29,1.16,2.68%,5.34%,5.23%,-,NAP,2021-12-31 00:00:00,10.23,NAP
Q3 2021,49743,3161,-,-,273998,42771,231227,-,249600,16.80,1.16,1.08,-,-,5.95%,-,NAP,2021-09-30 00:00:00,9.49,NAP
Q2 2021,54241,3246,-,-,287824,45706,242118,-,230234,17.37,1.09,0.95,-,-,5.76%,-,NAP,2021-06-30 00:00:00,8.15,NAP
Q1 2021,57153,4757,-,-,-,-,-,-,221627,16.50,1.10,-,-0.69%,6.34%,6.06%,-,NAP,2021-03-31 00:00:00,7.85,NAP
Q4 2020,53859,3689,171.00,-,275912,41435,234477,10869.20,301241,26.51,1.54,1.28,0.93%,2.71%,3.77%,-,NAP,2020-12-31 00:00:00,10.67,NAP
Q3 2020,45200,1562,-,-,263998,33211,230788,-,251751,25.83,1.34,1.09,1.67%,5.98%,3.87%,-,NAP,2020-09-30 00:00:00,8.92,NAP
Q2 2020,45978,3421,-,-,268735,38246,230489,-,279724,27.52,1.46,1.21,2.98%,4.77%,3.63%,-,NAP,2020-06-30 00:00:00,9.91,NAP
Q1 2020,50521,2692,-,-,255582,28515,227068,-,281875,27.36,1.49,1.24,Upgrade,Upgrade,3.65%,-,NAP,2020-03-31 00:00:00,9.98,NAP
Q4 2019,,,,,,,,,,,,,,,,,NAP,2019-12-31 00:00:00,9.14,NAP
Q3 2024,321145,1297,45.08,-,1405317,967586,437731,16748.25,167258,333.54,0.15,0.38,-,0.14%,0.30%,-,VMC,2024-09-30 00:00:00,6.4,VMC
Q2 2024,274921,126.86,5.00,-,1406174,1051650,354523,13971.70,187696,82.47,0.17,0.53,-,0.50%,1.21%,-,VMC,2024-06-30 00:00:00,7.18,VMC
Q1 2024,237899,446.59,19.00,-,-,-,353904,13540.33,192448,39.58,0.15,0.54,1.86%,-1.54%,2.53%,-,VMC,2024-03-31 00:00:00,7.36,VMC
Q4 2023,319277,-1369,-52.23,-,1444683,1090779,353904,13540.33,197199,-,0.17,0.56,-,-,2.24%,-,VMC,2023-12-31 00:00:00,7.55,VMC
Q3 2023,254711,3071,117.36,-,1466688,1111459,355229,13590.70,203036,34.88,0.16,0.57,-,3.09%,2.87%,-,VMC,2023-09-30 00:00:00,7.77,VMC
Q2 2023,487133,2713,104.13,-,-,-,350999,13366.55,222476,87.49,0.19,0.63,1.73%,0.36%,1.14%,-,VMC,2023-06-30 00:00:00,8.51,VMC
Q1 2023,111836,6.72,0.26,-,1618995,1267996,350999,13366.55,185756,-359.87,0.20,0.53,-,-,-0.28%,-,VMC,2023-03-31 00:00:00,7.11,VMC
Q4 2022,411250,29.63,1.13,-,1625911,1275167,350745,13356.57,190077,-386.20,0.21,0.54,-,-0.13%,-0.26%,-,VMC,2022-12-31 00:00:00,7.27,VMC
Q3 2022,186785,-206.76,-8.26,-,-,-,349443,-,267835,-,0.38,0.77,-,-,-0.19%,-,VMC,2022-09-30 00:00:00,10.25,VMC
Q2 2022,232278,-345.76,-,-,1234458,885014,349443,-,264000,-,0.36,0.76,-,-,-0.08%,-,VMC,2022-06-30 00:00:00,10.1,VMC
Q1 2022,88754,30.71,-,-,-,-,-,-,478000,4257.58,0.66,-,1.96%,4.47%,0.02%,-,VMC,2022-03-31 00:00:00,18.29,VMC
Q4 2021,198508,-,-,-,1017965,667573,350392,13334.53,558001,-,0.69,1.59,0.86%,0.09%,-,-,VMC,2021-12-31 00:00:00,21.35,VMC
Q3 2021,210263,103.99,3.98,-,996821,652687,344135,13167.08,230000,103.51,0.30,0.67,-,0.81%,0.97%,-,VMC,2021-09-30 00:00:00,8.43,VMC
Q2 2021,225024,-22.42,-0.86,-,1089439,740655,348784,13272.32,212000,-,0.31,0.61,-,2.02%,0.65%,-,VMC,2021-06-30 00:00:00,7.77,VMC
Q1 2021,179093,38.23,-,-,-,-,355875,13549.27,230000,509.05,0.32,0.65,-,-,0.20%,-,VMC,2021-03-31 00:00:00,8.43,VMC
Q4 2020,148025,2102,80.35,382.614,1071633,715758,355875,13549.27,228000,3141.19,0.36,0.64,-,-,0.03%,4.92%,VMC,2020-12-31 00:00:00,7.78,VMC
Q3 2020,122764,-738.69,-,-,-,-,-,-,220000,-,0.26,-,0.36%,-1.05%,3.21%,-,VMC,2020-09-30 00:00:00,7.5,VMC
Q2 2020,273973,-949.86,-35.97,-,1110986,759368,351618,13276.21,188000,-,0.19,0.53,0.82%,0.57%,8.70%,-,VMC,2020-06-30 00:00:00,6.41,VMC
Q1 2020,96678,-341.01,-,-,1159869,789301,370568,-,190000,-,0.18,0.51,Upgrade,Upgrade,9.03%,-,VMC,2020-03-31 00:00:00,6.48,VMC
Q4 2019,,,,,,,,,,,,,,,,,VMC,2019-12-31 00:00:00,7.98,VMC
Q3 2024,3669,602.77,43.49,-,493135,205622,287512,20745.96,176006,138.16,9.95,0.61,-0.19%,0.57%,0.72%,-,RCL,2024-09-30 00:00:00,12.7,RCL
Q2 2024,2418,407.51,-,-,470547,184240,286307,-,177392,203.58,10.75,0.62,-0.15%,0.24%,0.49%,-,RCL,2024-06-30 00:00:00,12.8,RCL
Q1 2024,5190,174.02,-,-,470597,183037,287561,-,164919,181.93,10.00,0.57,-0.06%,0.12%,0.55%,-,RCL,2024-03-31 00:00:00,11.9,RCL
Q4 2023,6408,89.64,-,-,471017,183630,287387,-,189864,163.57,13.97,0.66,-0.06%,0.28%,0.61%,-,RCL,2023-12-31 00:00:00,13.7,RCL
Q3 2023,2484,200.2,-,-,475866,188568,287297,-,160761,36.21,5.48,0.56,-0.14%,0.61%,2.76%,-,RCL,2023-09-30 00:00:00,11.6,RCL
Q2 2023,2418,442.62,-,-,476320,189223,287097,-,178777,32.94,4.63,0.62,0.06%,0.59%,3.04%,-,RCL,2023-06-30 00:00:00,12.61,RCL
Q1 2023,2281,428.26,-,-,475791,183317,292474,-,185707,28.24,2.98,0.63,-,-,3.54%,-,RCL,2023-03-31 00:00:00,13.1,RCL
Q4 2022,22129,3369,243.06,300.000,476839,184793,292046,21073.07,184321,23.29,2.26,0.63,-,-,4.29%,2.31%,RCL,2022-12-31 00:00:00,13.0,RCL
Q3 2022,11781,1189,-,-,-,-,-,-,210652,15.81,2.27,-,1.37%,2.21%,6.33%,-,RCL,2022-09-30 00:00:00,14.86,RCL
Q2 2022,26095,1590,-,-,500261,212772,287488,-,133045,9.58,1.33,0.46,1.03%,2.45%,10.44%,-,RCL,2022-06-30 00:00:00,15.64,RCL
Q1 2022,21393,1766,-,-,523335,233872,289462,-,151187,8.81,1.23,0.52,1.80%,12.39%,11.36%,-,RCL,2022-03-31 00:00:00,17.77,RCL
Q4 2021,33405,8780,-,-,563256,275560,287697,-,154967,9.08,1.27,0.54,0.94%,2.51%,11.01%,-,RCL,2021-12-31 00:00:00,18.22,RCL
Q3 2021,19244,1748,-,-,585854,306847,279007,-,116414,7.69,0.68,0.42,-,-,13.00%,-,RCL,2021-09-30 00:00:00,13.39,RCL
Q2 2021,49016,4877,-,-,600049,322790,277259,-,123218,8.19,0.73,0.44,-,2.33%,12.21%,-,RCL,2021-06-30 00:00:00,14.17,RCL
Q1 2021,20352,1659,-,-,-,-,284358,-,136068,8.87,0.87,0.48,1.52%,9.74%,11.27%,-,RCL,2021-03-31 00:00:00,15.65,RCL
Q4 2020,83454,6853,-,-,667402,383043,284358,-,140604,9.46,0.97,0.49,0.35%,2.38%,10.57%,-,RCL,2020-12-31 00:00:00,15.82,RCL
Q3 2020,14967,1651,-,-,712610,434057,278553,-,128509,8.59,1.00,0.46,1.55%,7.38%,11.65%,-,RCL,2020-09-30 00:00:00,14.15,RCL
Q2 2020,37141,5177,-,363.636,721825,444923,276902,-,184448,13.21,1.46,0.67,-0.07%,1.75%,7.57%,1.75%,RCL,2020-06-30 00:00:00,20.32,RCL
Q1 2020,9250,1177,-,-,704440,419981,284459,-,104319,10.49,0.97,0.37,Upgrade,Upgrade,9.53%,-,RCL,2020-03-31 00:00:00,11.49,RCL
Q4 2019,,,,,,,,,,,,,,,,,RCL,2019-12-31 00:00:00,13.35,RCL
Q3 2024,717367,5015,-,-,390944,199400,191544,-,182000,12.34,0.07,0.95,-,-,8.10%,-,PCE,2024-09-30 00:00:00,18.2,PCE
Q4 2023,562357,2873,-,1400.000,228094,41416,186678,-,198000,14.43,0.08,1.06,-,-,6.93%,7.60%,PCE,2023-12-31 00:00:00,18.42,PCE
Q3 2023,801036,5472,-,-,-,-,-,-,199000,10.73,0.07,-,-,-,9.32%,-,PCE,2023-09-30 00:00:00,18.51,PCE
Q2 2024,,,,,,,,,,,,,,,,,PCE,2024-06-30 00:00:00,18.23,PCE
Q1 2024,,,,,,,,,,,,,,,,,PCE,2024-03-31 00:00:00,17.86,PCE
Q2 2023,,,,,,,,,,,,,,,,,PCE,2023-06-30 00:00:00,19.18,PCE
Q1 2023,,,,,,,,,,,,,,,,,PCE,2023-03-31 00:00:00,20.59,PCE
Q4 2022,,,,,,,,,,,,,,,,,PCE,2022-12-31 00:00:00,19.93,PCE
Q3 2022,,,,,,,,,,,,,,,,,PCE,2022-09-30 00:00:00,20.43,PCE
Q2 2022,,,,,,,,,,,,,,,,,PCE,2022-06-30 00:00:00,19.01,PCE
Q1 2022,,,,,,,,,,,,,,,,,PCE,2022-03-31 00:00:00,23.08,PCE
Q4 2021,,,,,,,,,,,,,,,,,PCE,2021-12-31 00:00:00,17.48,PCE
Q3 2021,,,,,,,,,,,,,,,,,PCE,2021-09-30 00:00:00,14.41,PCE
Q2 2021,,,,,,,,,,,,,,,,,PCE,2021-06-30 00:00:00,10.2,PCE
Q1 2021,,,,,,,,,,,,,,,,,PCE,2021-03-31 00:00:00,7.74,PCE
Q4 2020,,,,,,,,,,,,,,,,,PCE,2020-12-31 00:00:00,6.97,PCE
Q3 2020,,,,,,,,,,,,,,,,,PCE,2020-09-30 00:00:00,6.47,PCE
Q2 2020,,,,,,,,,,,,,,,,,PCE,2020-06-30 00:00:00,10.29,PCE
Q1 2020,,,,,,,,,,,,,,,,,PCE,2020-03-31 00:00:00,4.1,PCE
Q4 2019,,,,,,,,,,,,,,,,,PCE,2019-12-31 00:00:00,5.28,PCE
Q3 2024,63273,4039,215.45,-,252470,68988,183482,9786.43,174000,10.39,0.50,0.95,-,6.76%,9.62%,-,PPS,2024-09-30 00:00:00,11.6,PPS
Q2 2024,86092,3108,-,-,244915,65472,179443,-,181500,11.21,0.53,1.01,-,9.16%,8.92%,-,PPS,2024-06-30 00:00:00,11.18,PPS
Q1 2024,73610,4317,-,-,-,-,188461,-,163500,9.02,0.49,0.87,4.99%,11.36%,11.09%,-,PPS,2024-03-31 00:00:00,10.07,PPS
Q4 2023,121956,5276,-,-,265969,77508,188461,-,159000,8.98,0.52,0.84,5.67%,7.69%,11.14%,-,PPS,2023-12-31 00:00:00,9.79,PPS
Q3 2023,59085,3490,186.18,-,265397,82212,183185,9771.43,180000,7.72,0.59,0.98,2.78%,10.92%,12.96%,-,PPS,2023-09-30 00:00:00,10.17,PPS
Q2 2023,78509,5047,269.28,-,264591,84894,179697,9587.11,181500,8.47,0.63,1.01,2.51%,8.22%,11.81%,-,PPS,2023-06-30 00:00:00,10.25,PPS
Q1 2023,44090,3893,-,-,420794,230821,189973,-,162000,8.25,0.61,0.85,-,-,12.13%,-,PPS,2023-03-31 00:00:00,9.15,PPS
Q4 2022,124906,10890,580.93,990.000,445757,256706,189051,10085.09,150000,8.23,0.58,0.79,-,-,12.15%,11.68%,PPS,2022-12-31 00:00:00,8.47,PPS
Q3 2022,41193,1600,85.36,-,-,-,-,-,190500,11.82,0.83,-,1.29%,7.18%,8.46%,-,PPS,2022-09-30 00:00:00,10.02,PPS
Q2 2022,56472,3263,174.26,-,418871,242311,176560,9428.10,193500,12.13,0.83,1.10,1.52%,5.27%,8.25%,-,PPS,2022-06-30 00:00:00,10.18,PPS
Q1 2022,37529,2467,-,-,411437,224551,186887,-,195000,12.18,0.86,1.04,5.66%,19.20%,8.21%,-,PPS,2022-03-31 00:00:00,10.25,PPS
Q4 2021,93784,8786,469.80,900.000,431318,243930,187388,10019.91,199500,12.00,0.84,1.06,-,-,8.34%,8.58%,PPS,2021-12-31 00:00:00,10.49,PPS
Q3 2021,44937,1440,76.76,-,416009,237407,178602,9519.39,196500,10.03,0.72,1.10,-,-,9.97%,-,PPS,2021-09-30 00:00:00,9.46,PPS
Q2 2021,50177,3311,176.33,-,-,-,-,-,150000,7.27,0.55,-,2.01%,6.47%,13.75%,-,PPS,2021-06-30 00:00:00,7.23,PPS
Q1 2021,48403,3092,165.00,-,464482,273955,190527,10168.17,141000,7.17,0.52,0.74,6.45%,25.32%,13.95%,-,PPS,2021-03-31 00:00:00,6.79,PPS
Q4 2020,129787,11751,470.34,-,481834,290340,191494,7664.81,123000,5.46,0.42,0.64,-,-,18.31%,-,PPS,2020-12-31 00:00:00,5.92,PPS
Q3 2020,43776,2477,148.67,-,465303,285560,179743,10786.74,114000,6.70,0.49,0.63,0.42%,5.07%,14.94%,-,PPS,2020-09-30 00:00:00,4.95,PPS
Q1 2020,49345,2344,125.00,-,463973,279615,184358,9833.06,79500,5.23,0.36,0.43,0.62%,13.06%,19.12%,-,PPS,2020-03-31 00:00:00,3.45,PPS
Q2 2020,,,,,,,,,,,,,,,,,PPS,2020-06-30 00:00:00,4.56,PPS
Q4 2019,,,,,,,,,,,,,,,,,PPS,2019-12-31 00:00:00,4.23,PPS
Q4 2023,232705,6519,869.23,-,388165,230359,157806,21040.86,164999,5.97,0.19,1.05,6.52%,18.47%,16.74%,-,VBC,2023-12-31 00:00:00,20.31,VBC
Q3 2023,222519,6967,928.81,-,388165,230359,157806,21038.27,146999,5.38,0.16,0.93,6.94%,20.35%,18.60%,-,VBC,2023-09-30 00:00:00,18.09,VBC
Q2 2023,228284,7646,1019.00,-,440943,297070,143873,19173.83,142499,5.34,0.16,0.99,-,-,18.72%,-,VBC,2023-06-30 00:00:00,17.54,VBC
Q1 2023,201220,6489,1015.00,-,467493,310817,156676,24505.26,157499,6.03,0.17,1.01,7.31%,16.96%,16.60%,-,VBC,2023-03-31 00:00:00,17.69,VBC
Q4 2022,252883,6236,831.48,-,459482,309296,150187,20025.10,183749,6.74,0.18,1.22,4.61%,17.90%,14.84%,-,VBC,2022-12-31 00:00:00,20.64,VBC
Q3 2022,218927,6301,840.00,-,502509,358559,143951,19191.54,157499,5.74,0.16,1.09,5.66%,19.79%,17.43%,-,VBC,2022-09-30 00:00:00,17.69,VBC
Q2 2022,273586,7111,948.00,-,483423,345773,137650,18351.02,251249,8.78,0.24,1.83,-,-,11.39%,-,VBC,2022-06-30 00:00:00,28.22,VBC
Q1 2022,249120,7614,1015.00,-,496019,346189,149830,19973.00,277499,9.87,0.28,1.85,-,-,10.13%,-,VBC,2022-03-31 00:00:00,29.57,VBC
Q3 2021,260086,6429,857.00,-,-,-,-,-,182249,6.93,0.19,-,6.54%,22.27%,14.43%,-,VBC,2021-09-30 00:00:00,19.42,VBC
Q2 2021,273817,7468,996.00,-,472603,344420,128183,17095.63,167999,6.12,0.17,1.31,-,-,16.35%,-,VBC,2021-06-30 00:00:00,17.9,VBC
Q1 2021,222855,6611,881.00,-,456720,316626,140094,18669.48,172499,6.21,0.19,1.23,5.47%,17.73%,16.11%,-,VBC,2021-03-31 00:00:00,16.88,VBC
Q4 2020,226062,5789,771.00,-,423657,290174,133483,17776.95,168749,6.10,0.18,1.26,6.62%,24.52%,16.40%,-,VBC,2020-12-31 00:00:00,16.51,VBC
Q3 2020,238747,7594,1012.00,-,450857,323164,127693,17017.58,139499,4.89,0.15,1.09,7.02%,24.75%,20.46%,-,VBC,2020-09-30 00:00:00,13.65,VBC
Q2 2020,239149,7798,1040.00,-,488776,368676,120100,16017.31,157499,5.75,0.17,1.31,5.54%,20.16%,17.39%,-,VBC,2020-06-30 00:00:00,15.41,VBC
Q1 2020,211024,6488,865.00,-,508007,376045,131962,17593.85,143999,5.26,0.15,1.09,5.86%,21.80%,19.02%,-,VBC,2020-03-31 00:00:00,12.88,VBC
Q3 2024,,,,,,,,,,,,,,,,,VBC,2024-09-30 00:00:00,19.6,VBC
Q2 2024,,,,,,,,,,,,,,,,,VBC,2024-06-30 00:00:00,20.0,VBC
Q1 2024,,,,,,,,,,,,,,,,,VBC,2024-03-31 00:00:00,18.46,VBC
Q4 2021,,,,,,,,,,,,,,,,,VBC,2021-12-31 00:00:00,20.46,VBC
Q4 2019,,,,,,,,,,,,,,,,,VBC,2019-12-31 00:00:00,10.73,VBC
Q3 2024,1221082,9580,771.57,-,1953045,1788031,165013,13286.33,142828,5.10,0.04,0.87,0.84%,13.27%,19.62%,-,TA9,2024-09-30 00:00:00,11.5,TA9
Q2 2024,651155,5210,419.00,-,2479274,2327125,152149,12236.44,170151,7.44,0.06,1.12,0.56%,6.79%,13.43%,-,TA9,2024-06-30 00:00:00,12.45,TA9
Q1 2024,362284,2726,220.00,-,2128968,1967051,161917,13066.02,212378,8.53,0.07,1.31,2.08%,26.95%,11.72%,-,TA9,2024-03-31 00:00:00,15.54,TA9
Q4 2023,1340101,10504,846.00,-,2226749,2067558,159191,12821.41,129166,5.61,0.05,0.81,1.07%,11.74%,17.81%,-,TA9,2023-12-31 00:00:00,9.45,TA9
Q3 2023,549913,4415,355.00,-,1686062,1533457,152605,12270.38,141586,6.35,0.05,0.93,0.94%,19.17%,15.74%,-,TA9,2023-09-30 00:00:00,9.43,TA9
Q2 2023,898945,7244,583.00,-,1467509,1319319,148190,11926.91,151521,6.21,0.05,1.02,-,-,16.11%,-,TA9,2023-06-30 00:00:00,10.09,TA9
Q1 2023,54852,847.3,68.00,-,1931508,1777397,154111,12368.18,152763,7.47,0.07,0.99,0.95%,26.05%,13.38%,-,TA9,2023-03-31 00:00:00,10.17,TA9
Q4 2022,1323508,9775,787.00,-,1599272,1446008,153264,12339.40,149037,7.34,0.07,0.97,0.58%,18.23%,13.63%,-,TA9,2022-12-31 00:00:00,9.92,TA9
Q3 2022,546102,6548,527.00,-,1809294,1662353,146940,11826.40,194991,9.20,0.13,1.33,0.62%,8.91%,10.86%,-,TA9,2022-09-30 00:00:00,12.98,TA9
Q2 2022,274085,3271,263.00,-,2162166,2021774,140393,11288.48,185055,10.80,0.16,1.32,-0.12%,1.87%,9.26%,-,TA9,2022-06-30 00:00:00,11.52,TA9
Q1 2022,57674,713.33,57.00,-,1370283,1217077,153206,12242.24,199959,10.37,0.16,1.31,3.62%,28.95%,9.64%,-,TA9,2022-03-31 00:00:00,12.45,TA9
Q4 2021,666809,10652,858.00,1026.500,1428709,1276217,152492,12283.26,163941,8.36,0.13,1.08,0.92%,7.13%,11.96%,10.06%,TA9,2021-12-31 00:00:00,10.21,TA9
Q3 2021,156284,2505,202.00,-,1297530,1155694,141837,11439.25,157731,8.47,0.13,1.11,2.02%,14.82%,11.81%,-,TA9,2021-09-30 00:00:00,9.07,TA9
Q2 2021,338791,5407,435.00,-,1097972,958640,139332,11209.85,139102,6.13,0.10,1.00,0.01%,2.75%,16.31%,-,TA9,2021-06-30 00:00:00,8.0,TA9
Q1 2021,64273,1047,84.00,-,1042974,890362,152613,12239.93,145312,6.24,0.10,0.95,4.61%,26.35%,16.03%,-,TA9,2021-03-31 00:00:00,8.36,TA9
Q4 2020,668699,9665,777.84,1200.000,1145426,993860,151565,12198.56,139102,5.97,0.09,0.92,-,-,16.76%,15.00%,TA9,2020-12-31 00:00:00,8.0,TA9
Q3 2020,380343,6566,529.00,-,1091129,949228,141901,11431.81,111778,4.04,0.07,0.79,-,-,24.75%,-,TA9,2020-09-30 00:00:00,5.51,TA9
Q2 2020,350997,6017,484.00,-,-,-,-,-,115504,4.69,0.08,-,0.34%,2.89%,21.32%,-,TA9,2020-06-30 00:00:00,5.69,TA9
Q1 2020,68314,1064,86.00,-,1236266,1088319,147947,11957.80,99358,4.39,0.08,0.67,Upgrade,Upgrade,22.79%,-,TA9,2020-03-31 00:00:00,4.9,TA9
Q4 2019,,,,,,,,,,,,,,,,,TA9,2019-12-31 00:00:00,5.57,TA9
Q3 2024,34958,5070,515.37,-,167142,31784,135358,15381.59,144320,8.22,1.03,1.07,8.16%,14.22%,12.17%,-,PPP,2024-09-30 00:00:00,16.4,PPP
Q2 2024,36886,4605,472.00,-,152789,26506,126283,14350.35,149600,8.43,1.04,1.18,-,-,11.87%,-,PPP,2024-06-30 00:00:00,17.0,PPP
Q1 2024,30745,2613,263.00,-,159438,26750,132689,13353.74,156640,8.71,1.07,1.18,9.13%,16.16%,11.48%,-,PPP,2024-03-31 00:00:00,17.8,PPP
Q4 2023,37881,5268,539.98,-,160022,29651,130371,13367.48,130240,6.47,0.86,1.00,9.41%,16.77%,15.45%,-,PPP,2023-12-31 00:00:00,13.87,PPP
Q3 2023,37881,5268,539.98,-,160022,29635,130387,13363.72,137280,7.03,0.89,1.05,9.12%,15.48%,14.22%,-,PPP,2023-09-30 00:00:00,14.62,PPP
Q2 2023,39478,4833,494.00,-,150607,29723,120884,12357.04,127600,6.74,0.82,1.06,9.16%,14.99%,14.84%,-,PPP,2023-06-30 00:00:00,13.59,PPP
Q1 2023,36932,4751,489.00,-,158365,29508,128856,13263.96,119680,6.38,0.80,0.93,8.94%,15.01%,15.68%,-,PPP,2023-03-31 00:00:00,12.38,PPP
Q4 2022,39809,4675,479.12,1400.000,158194,33579,124616,14160.89,113520,5.51,0.75,0.91,9.27%,15.53%,18.16%,12.81%,PPP,2022-12-31 00:00:00,10.93,PPP
Q3 2022,39809,4675,480.68,-,158194,33579,124616,14160.89,121440,5.70,0.82,0.97,9.52%,15.64%,17.54%,-,PPP,2022-09-30 00:00:00,11.69,PPP
Q2 2022,33623,4663,486.00,-,146946,30796,116150,13198.88,132000,5.93,0.91,1.14,-,-,16.87%,-,PPP,2022-06-30 00:00:00,12.71,PPP
Q1 2022,37335,6598,664.00,-,153089,30658,122431,13912.60,149600,7.12,1.04,1.22,7.99%,18.39%,14.05%,-,PPP,2022-03-31 00:00:00,14.21,PPP
Q4 2021,37347,5359,549.00,-,156030,39447,116583,11943.46,154880,9.33,1.16,1.33,10.44%,20.25%,10.72%,-,PPP,2021-12-31 00:00:00,13.91,PPP
Q3 2021,37309,5647,576.36,-,156030,39447,116583,11899.18,123200,9.09,0.96,1.06,7.60%,12.66%,11.00%,-,PPP,2021-09-30 00:00:00,11.07,PPP
Q2 2021,32120,3419,355.00,-,141343,34870,106473,12099.16,105600,10.11,0.90,0.99,5.01%,8.03%,9.89%,-,PPP,2021-06-30 00:00:00,9.49,PPP
Q1 2021,26551,2180,217.00,-,145599,36091,109508,10898.96,114400,11.39,1.01,1.04,4.83%,8.63%,8.78%,-,PPP,2021-03-31 00:00:00,10.28,PPP
Q4 2020,31952,2300,233.00,-,144653,37007,107646,12232.55,99440,10.13,0.86,0.92,5.23%,9.75%,9.87%,-,PPP,2020-12-31 00:00:00,8.48,PPP
Q3 2020,27256,2547,257.00,-,145252,39658,105594,11999.31,122320,10.60,0.98,1.16,6.40%,11.44%,9.43%,-,PPP,2020-09-30 00:00:00,10.43,PPP
Q2 2020,27465,3019,343.02,-,151521,48191,103330,11742.07,132000,9.74,0.96,1.28,4.62%,7.29%,10.27%,-,PPP,2020-06-30 00:00:00,11.26,PPP
Q1 2020,29584,1949,196.00,-,153036,45251,107784,10836.77,149600,11.62,0.99,1.39,Upgrade,Upgrade,8.61%,-,PPP,2020-03-31 00:00:00,12.76,PPP
Q4 2019,,,,,,,,,,,,,,,,,PPP,2019-12-31 00:00:00,13.2,PPP
Q4 2023,14474,43277,5032.00,-,197511,16157,181353,21087.61,133300,3.33,2.04,0.74,-0.78%,2.97%,30.03%,-,TJC,2023-12-31 00:00:00,14.68,TJC
Q3 2023,19189,1023,112.00,-,148100,10024,138076,16055.36,101480,3.21,1.22,0.73,-6.25%,-7.01%,31.18%,-,TJC,2023-09-30 00:00:00,11.18,TJC
Q2 2023,16196,-2522,-293.00,-,145435,8382,137053,15936.42,139320,-,1.27,1.02,-,-,23.20%,-,TJC,2023-06-30 00:00:00,15.34,TJC
Q1 2023,15587,-1752,-204.00,-,160294,9552,150742,17528.14,157380,-,1.07,1.04,-1.31%,103.36%,27.56%,-,TJC,2023-03-31 00:00:00,16.03,TJC
Q4 2022,32349,34896,3814.00,-,174082,21588,152494,16667.17,189200,3.83,1.13,1.24,2.99%,5.81%,26.09%,-,TJC,2022-12-31 00:00:00,19.27,TJC
Q3 2022,45285,1696,185.00,-,151731,34132,117599,13674.25,134160,7.30,0.77,1.14,-,-,13.69%,-,TJC,2022-09-30 00:00:00,13.67,TJC
Q2 2022,54115,8537,933.00,-,156741,40838,115903,13477.07,126420,4.99,0.74,1.09,-,15.02%,20.04%,-,TJC,2022-06-30 00:00:00,12.88,TJC
Q1 2022,35697,4234,463.00,-,-,-,112766,13112.38,145340,7.28,0.96,1.29,3.06%,14.10%,13.74%,-,TJC,2022-03-31 00:00:00,13.99,TJC
Q4 2021,38131,3906,427.00,1000.000,137086,24320,112766,13112.38,123840,7.18,0.86,1.10,15.85%,33.14%,13.92%,8.39%,TJC,2021-12-31 00:00:00,11.92,TJC
Q3 2021,43615,8661,947.00,-,138633,29772,108861,12658.22,122980,8.11,0.92,1.13,4.70%,12.85%,12.34%,-,TJC,2021-09-30 00:00:00,11.84,TJC
Q2 2021,33811,3170,346.00,-,124220,24020,100200,11651.12,85140,12.45,0.77,0.85,-,-,8.03%,-,TJC,2021-06-30 00:00:00,8.19,TJC
Q1 2021,29103,1505,164.00,-,112797,15637,97160,10588.71,98900,33.09,0.98,1.02,2.39%,7.75%,3.02%,-,TJC,2021-03-31 00:00:00,9.52,TJC
Q4 2020,26927,1836,201.00,-,107384,11729,95655,10471.21,104060,48.01,1.01,1.09,-1.56%,1.39%,2.08%,-,TJC,2020-12-31 00:00:00,10.02,TJC
Q3 2020,21359,326.05,36.00,-,109221,15403,93819,10358.65,62780,180.33,0.56,0.67,-2.79%,-2.89%,0.55%,-,TJC,2020-09-30 00:00:00,6.04,TJC
Q2 2020,23821,-678.27,-79.00,-,110555,17062,93493,10889.31,61060,-,0.50,0.65,1.11%,2.91%,-33.80%,-,TJC,2020-06-30 00:00:00,5.88,TJC
Q1 2020,30645,683.51,79.00,-,119829,25658,94171,10884.26,46440,-2.02,0.35,0.49,-7.92%,0.07%,-49.59%,-,TJC,2020-03-31 00:00:00,4.47,TJC
Q3 2024,,,,,,,,,,,,,,,,,TJC,2024-09-30 00:00:00,17.1,TJC
Q2 2024,,,,,,,,,,,,,,,,,TJC,2024-06-30 00:00:00,16.6,TJC
Q1 2024,,,,,,,,,,,,,,,,,TJC,2024-03-31 00:00:00,14.59,TJC
Q4 2019,,,,,,,,,,,,,,,,,TJC,2019-12-31 00:00:00,5.38,TJC
Q3 2024,294692,1457,123.00,-,926446,586079,340367,24215.13,176436,53.15,0.16,0.52,4.86%,19.40%,1.88%,-,SDG,2024-09-30 00:00:00,15.52,SDG
Q2 2024,302298,9090,876.00,-,946763,594981,351782,26017.57,174408,17.77,0.15,0.50,-15.11%,-61.02%,5.63%,-,SDG,2024-06-30 00:00:00,15.34,SDG
Q1 2024,167074,-27977,-2780.00,-,944199,599852,344347,25847.15,178464,-,0.14,0.52,-,-,2.62%,-,SDG,2024-03-31 00:00:00,15.7,SDG
Q4 2023,364820,20749,1678.00,2000.000,970405,559946,410459,26591.52,167310,7.64,0.12,0.41,-,-,13.09%,13.59%,SDG,2023-12-31 00:00:00,14.72,SDG
Q3 2023,317094,7951,630.00,-,-,-,-,-,170352,28.34,0.12,-,-,-,3.53%,-,SDG,2023-09-30 00:00:00,14.98,SDG
Q2 2023,407161,3954,303.00,-,-,-,-,-,152100,15.47,0.10,-,-,-,6.46%,-,SDG,2023-06-30 00:00:00,12.31,SDG
Q1 2023,253100,-10748,-1060.00,-,-,-,490167,31530.66,152100,-,0.11,0.31,-,-,11.48%,-,SDG,2023-03-31 00:00:00,12.31,SDG
Q4 2022,409358,4854,-,-,-,-,-,-,215982,6.22,0.14,-,7.20%,17.08%,16.08%,-,SDG,2022-12-31 00:00:00,17.48,SDG
Q3 2022,406227,11771,672.00,-,1019914,532010,487904,18019.93,202800,13.02,0.16,0.42,5.50%,13.83%,7.68%,-,SDG,2022-09-30 00:00:00,16.42,SDG
Q2 2022,370663,11589,-,-,975322,507811,467511,-,247416,10.43,0.18,0.53,-,-,9.59%,-,SDG,2022-06-30 00:00:00,20.03,SDG
Q1 2022,372025,6507,642.00,-,940726,458862,481863,30570.73,285948,42.08,0.22,0.59,-,-,2.38%,-,SDG,2022-03-31 00:00:00,22.2,SDG
Q3 2021,146831,-14296,-2097.00,-,-,-,-,-,394446,-,0.28,-,-,-,1.31%,-,SDG,2021-09-30 00:00:00,30.62,SDG
Q2 2021,451904,19928,-,-,-,-,-,-,325494,9.98,0.20,-,-2.62%,-12.18%,10.02%,-,SDG,2021-06-30 00:00:00,25.27,SDG
Q1 2021,336324,-5342,-527.00,-,856049,394220,461830,29072.98,466440,-,0.30,1.01,3.56%,6.03%,4.05%,-,SDG,2021-03-31 00:00:00,35.09,SDG
Q4 2020,451019,4882,666.46,1000.000,839438,393167,446271,37098.33,384132,14.07,0.25,0.86,-,-,7.11%,3.27%,SDG,2020-12-31 00:00:00,30.61,SDG
Q3 2020,396234,13140,1532.00,-,781025,342351,438674,36302.10,178500,4.69,0.13,0.41,-,-,21.34%,-,SDG,2020-09-30 00:00:00,14.23,SDG
Q1 2020,358213,6232,916.00,-,-,-,-,-,272000,6.83,0.20,-,-,-,14.63%,-,SDG,2020-03-31 00:00:00,20.63,SDG
Q4 2021,,,,,,,,,,,,,,,,,SDG,2021-12-31 00:00:00,21.17,SDG
Q2 2020,,,,,,,,,,,,,,,,,SDG,2020-06-30 00:00:00,12.9,SDG
Q4 2019,,,,,,,,,,,,,,,,,SDG,2019-12-31 00:00:00,20.63,SDG
Q3 2024,1785,-2286,-,-,539488,254614,284874,-,144000,-,131.99,0.51,-0.65%,-0.71%,-5.75%,-,ICG,2024-09-30 00:00:00,7.2,ICG
Q1 2024,1128,-517.55,-,-,541262,252548,288714,-,154000,-,166.59,0.53,-,-,-4.04%,-,ICG,2024-03-31 00:00:00,7.19,ICG
Q4 2023,-3405,-4220,-,500.000,542664,252291,290373,-,146000,-,134.62,0.50,-,-1.70%,-4.58%,7.33%,ICG,2023-12-31 00:00:00,6.82,ICG
Q3 2023,1583,-1261,-,-,-,-,297283,-,144000,-,12.60,0.48,-,-,-0.25%,-,ICG,2023-09-30 00:00:00,6.73,ICG
Q2 2023,1619,-223.5,-,-,476203,178920,297283,-,160000,-,14.10,0.54,-,-,1.60%,-,ICG,2023-06-30 00:00:00,7.47,ICG
Q1 2023,1288,-980.6,-,-,-,-,-,-,92000,-,8.20,-,0.72%,2.75%,1.55%,-,ICG,2023-03-31 00:00:00,4.3,ICG
Q4 2022,6937,2105,-,500.000,485560,177915,307645,-,112000,89.09,9.93,0.36,-0.60%,2.18%,1.12%,10.44%,ICG,2022-12-31 00:00:00,4.79,ICG
Q3 2022,1504,1662,-,-,482803,177268,305535,-,158000,17.65,28.41,0.52,-,-,5.67%,-,ICG,2022-09-30 00:00:00,6.76,ICG
Q2 2022,1489,-1356,-,-,481032,177832,303200,-,152000,-,30.71,0.50,-,-,4.01%,-,ICG,2022-06-30 00:00:00,6.5,ICG
Q1 2022,1347,-1153,-,-,-,-,-,-,316000,-,67.55,-,-2.49%,13.95%,1.76%,-,ICG,2022-03-31 00:00:00,13.51,ICG
Q4 2021,1221,9801,-,-,300105,15967,284138,-,316000,37.28,73.07,1.11,-1.41%,-1.72%,2.68%,-,ICG,2021-12-31 00:00:00,13.51,ICG
Q3 2021,892.18,-1197,-,-,318703,40515,278188,-,160000,-,34.40,0.58,-1.77%,-2.69%,-2.15%,-,ICG,2021-09-30 00:00:00,6.65,ICG
Q2 2021,1218,-1887,-94.37,-,320561,41176,279385,13969.25,138819,-,26.06,0.50,-,-,0.74%,-,ICG,2021-06-30 00:00:00,6.57,ICG
Q1 2021,993.56,1759,-,-,333406,50470,282936,-,161662,64.61,24.63,0.57,-,-,1.55%,-,ICG,2021-03-31 00:00:00,7.65,ICG
Q3 2020,1548,-2113,-,-,335522,66857,268666,-,117732,-,3.03,0.44,-,-,5.21%,-,ICG,2020-09-30 00:00:00,5.57,ICG
Q2 2020,1567,3273,-,-,-,-,-,-,93132,10.04,1.76,-,-0.57%,-0.54%,9.96%,-,ICG,2020-06-30 00:00:00,4.41,ICG
Q1 2020,2455,-417.33,-,-,368731,60805,307926,-,96646,-,1.22,0.31,4.63%,7.08%,9.02%,-,ICG,2020-03-31 00:00:00,4.57,ICG
Q2 2024,,,,,,,,,,,,,,,,,ICG,2024-06-30 00:00:00,7.94,ICG
Q4 2020,,,,,,,,,,,,,,,,,ICG,2020-12-31 00:00:00,5.57,ICG
Q4 2019,,,,,,,,,,,,,,,,,ICG,2019-12-31 00:00:00,5.57,ICG
Q3 2024,856591,3413,291.00,-,493634,328611,165024,13201.88,123750,18.01,0.04,0.75,3.14%,10.44%,5.55%,-,PSE,2024-09-30 00:00:00,9.9,PSE
Q2 2024,926264,3320,283.00,-,627662,456279,171384,13710.68,137500,17.94,0.04,0.80,2.03%,4.82%,5.57%,-,PSE,2024-06-30 00:00:00,10.2,PSE
Q1 2024,644234,1509,129.00,-,334524,166682,167842,14350.09,127500,15.55,0.04,0.76,2.70%,-4.37%,6.43%,-,PSE,2024-03-31 00:00:00,9.46,PSE
Q4 2023,638423,-1369,-117.00,800.000,281151,114918,166233,13298.62,128750,-,0.04,0.77,0.96%,13.55%,7.03%,8.38%,PSE,2023-12-31 00:00:00,9.55,PSE
Q3 2023,931687,4203,359.00,-,533680,365986,167693,13415.47,133750,39.90,0.04,0.80,4.56%,12.07%,2.51%,-,PSE,2023-09-30 00:00:00,9.92,PSE
Q2 2023,919546,3858,329.00,-,403945,240734,163210,13056.82,143750,101.24,0.05,0.88,3.10%,7.14%,0.99%,-,PSE,2023-06-30 00:00:00,9.51,PSE
Q1 2023,647403,2363,202.00,-,310340,132495,177845,14227.60,123750,23.18,0.04,0.70,-11.35%,-19.41%,4.31%,-,PSE,2023-03-31 00:00:00,8.19,PSE
Q4 2022,582202,-7072,-603.00,-,314264,138940,175325,14025.98,141250,-,0.04,0.81,1.21%,5.70%,11.32%,-,PSE,2022-12-31 00:00:00,9.35,PSE
Q3 2022,1038865,2271,194.00,-,493056,279750,213306,18222.81,251250,5.80,0.06,1.18,7.35%,19.98%,17.25%,-,PSE,2022-09-30 00:00:00,14.29,PSE
Q2 2022,1012202,7776,664.00,-,353466,141771,211696,16935.66,235000,4.89,0.06,1.11,-,-,20.45%,-,PSE,2022-06-30 00:00:00,13.37,PSE
Q1 2022,1116005,13011,1110.00,-,538288,334886,203401,16272.12,266250,5.85,0.07,1.31,18.91%,58.86%,17.09%,-,PSE,2022-03-31 00:00:00,15.15,PSE
Q4 2021,1154564,20283,1617.00,-,324366,134842,189523,15109.43,235000,5.82,0.08,1.24,6.96%,21.37%,17.18%,-,PSE,2021-12-31 00:00:00,13.37,PSE
Q3 2021,786926,6982,596.00,-,392428,214367,178061,14244.88,187500,7.98,0.08,1.05,5.17%,16.69%,12.54%,-,PSE,2021-09-30 00:00:00,10.31,PSE
Q2 2021,711749,5223,446.00,-,397344,226944,170400,13632.01,138750,7.82,0.07,0.81,12.72%,26.42%,12.79%,-,PSE,2021-06-30 00:00:00,7.63,PSE
Q1 2021,447737,7884,673.00,-,265419,102085,163334,13066.69,103750,6.47,0.06,0.64,0.17%,11.52%,15.46%,-,PSE,2021-03-31 00:00:00,5.71,PSE
Q4 2020,459243,3416,291.00,700.000,250709,95785,154924,12393.90,95000,10.68,0.05,0.61,2.01%,4.06%,9.36%,13.40%,PSE,2020-12-31 00:00:00,5.22,PSE
Q3 2020,392341,1227,105.00,-,319392,157980,161412,12912.98,91250,9.97,0.05,0.57,5.09%,11.79%,10.03%,-,PSE,2020-09-30 00:00:00,4.6,PSE
Q2 2020,552800,3514,300.00,-,336660,175898,160762,13726.56,90000,9.10,0.04,0.56,1.11%,2.50%,10.99%,-,PSE,2020-06-30 00:00:00,4.54,PSE
Q1 2020,427508,735.26,63.00,-,230085,72875,157210,13470.45,86250,10.63,0.04,0.55,Upgrade,Upgrade,9.41%,-,PSE,2020-03-31 00:00:00,4.35,PSE
Q4 2019,,,,,,,,,,,,,,,,,PSE,2019-12-31 00:00:00,4.04,PSE
Q3 2024,279047,5264,470.00,-,440516,254965,185552,16564.15,113140,7.97,0.15,0.61,5.26%,12.52%,16.06%,-,NST,2024-09-30 00:00:00,10.1,NST
Q2 2024,180079,5718,510.00,-,385972,205685,180287,16094.21,101938,7.42,0.12,0.57,4.31%,11.10%,17.38%,-,NST,2024-06-30 00:00:00,8.56,NST
Q1 2024,172264,5063,452.00,-,242083,57131,184953,16510.68,90736,8.11,0.12,0.49,1.88%,4.73%,16.71%,-,NST,2024-03-31 00:00:00,7.62,NST
Q4 2023,147293,2123,-163.95,-,372373,191620,180753,16135.81,78414,-,0.11,0.43,5.86%,10.91%,15.45%,-,NST,2023-12-31 00:00:00,6.59,NST
Q3 2023,331880,4808,429.00,-,319434,140804,178630,15946.28,91856,10.81,0.12,0.51,3.69%,7.21%,9.25%,-,NST,2023-09-30 00:00:00,7.72,NST
Q2 2023,136855,3165,283.00,-,345553,171731,173822,15517.06,81775,3.26,0.11,0.47,2.47%,4.57%,30.69%,-,NST,2023-06-30 00:00:00,6.62,NST
Q1 2023,90930,2015,180.00,-,201841,24362,177479,15843.49,66092,4.61,0.11,0.37,0.10%,-3.39%,21.70%,-,NST,2023-03-31 00:00:00,5.35,NST
Q4 2022,181813,-1494,-133.00,320.000,290266,114803,175463,15663.58,67212,-,0.12,0.38,17.05%,51.60%,10.57%,5.88%,NST,2022-12-31 00:00:00,5.44,NST
Q3 2022,311631,21411,1911.00,-,398524,221843,176681,15772.23,76174,7.29,0.13,0.43,-,-,13.72%,-,NST,2022-09-30 00:00:00,5.89,NST
Q2 2022,26076,-7591,-678.00,-,381085,225815,155269,13860.84,86255,-,0.16,0.56,-,-11.97%,-5.09%,-,NST,2022-06-30 00:00:00,6.67,NST
Q1 2022,50053,-5221,-466.00,-,-,-,174532,15558.74,109780,-,0.17,0.63,2.90%,4.26%,5.65%,-,NST,2022-03-31 00:00:00,8.49,NST
Q4 2021,217754,1850,164.95,300.000,311995,137464,174532,15558.74,115381,18.14,0.18,0.66,5.25%,15.52%,5.51%,3.36%,NST,2021-12-31 00:00:00,8.93,NST
Q3 2021,255712,6574,587.00,-,451872,279191,172681,15415.22,94097,18.74,0.19,0.54,1.51%,7.28%,5.33%,-,NST,2021-09-30 00:00:00,7.28,NST
Q2 2021,112902,3002,268.00,-,439177,273070,166107,14828.32,85135,5.62,0.14,0.51,-3.38%,-12.18%,17.79%,-,NST,2021-06-30 00:00:00,6.59,NST
Q1 2021,69542,-5066,-452.00,-,274558,110787,163771,14619.80,94097,-,0.18,0.57,0.82%,1.21%,6.60%,-,NST,2021-03-31 00:00:00,7.28,NST
Q4 2020,57449,508.95,45.00,-,355500,186572,168928,15080.14,82895,84.61,0.13,0.49,11.18%,41.72%,1.18%,-,NST,2020-12-31 00:00:00,6.41,NST
Q3 2020,349952,16697,1491.00,-,490387,321969,168419,15034.71,115381,11.28,0.12,0.69,-1.75%,-14.74%,8.87%,-,NST,2020-09-30 00:00:00,8.15,NST
Q2 2020,55678,-5932,-530.00,-,472434,320712,151722,13544.18,200516,-,0.20,1.32,-2.89%,-23.48%,0.91%,-,NST,2020-06-30 00:00:00,14.16,NST
Q1 2020,177512,-10295,-919.00,-,486362,316192,170170,15191.05,236362,-,0.21,1.39,Upgrade,Upgrade,3.30%,-,NST,2020-03-31 00:00:00,16.69,NST
Q4 2019,,,,,,,,,,,,,,,,,NST,2019-12-31 00:00:00,20.96,NST
Q3 2024,49529,-282.03,-10.00,-,454881,121813,333067,10616.53,102120,-,0.46,0.31,1.99%,3.45%,-2.04%,-,HDA,2024-09-30 00:00:00,3.7,HDA
Q2 2024,54053,2230,81.00,-,456987,124258,332729,10847.02,107640,-57.36,0.48,0.32,1.41%,2.29%,-1.74%,-,HDA,2024-06-30 00:00:00,3.9,HDA
Q1 2024,57570,1539,56.00,-,431526,101535,329991,10770.47,124200,-30.10,0.56,0.38,-,-,-3.32%,-,HDA,2024-03-31 00:00:00,4.5,HDA
Q4 2023,61908,-5566,-202.00,-,470583,132990,337594,11019.36,135240,-,0.63,0.40,-,-,-3.99%,-,HDA,2023-12-31 00:00:00,4.9,HDA
Q3 2023,51257,-79.7,-3.00,-,-,-,-,-,143520,-,0.63,-,1.28%,0.10%,-3.08%,-,HDA,2023-09-30 00:00:00,5.2,HDA
Q2 2023,50101,-19.45,-1.00,-,463909,137954,325954,11210.56,143520,-,0.62,0.44,1.23%,0.46%,-1.66%,-,HDA,2023-06-30 00:00:00,5.2,HDA
Q1 2023,51945,267.32,10.00,-,458012,132095,325917,11212.93,124200,-59.62,0.51,0.38,-1.37%,-5.27%,-1.68%,-,HDA,2023-03-31 00:00:00,4.5,HDA
Q4 2022,74613,-4589,-166.00,-,487287,158996,328291,11239.49,151801,-,0.62,0.46,1.97%,3.61%,0.01%,-,HDA,2022-12-31 00:00:00,5.5,HDA
Q3 2022,55118,1952,70.83,-,489141,157341,331800,11421.91,207001,13.75,0.84,0.62,-,-,7.27%,-,HDA,2022-09-30 00:00:00,6.94,HDA
Q2 2022,59807,286.1,10.00,-,506941,178121,328820,11351.20,133401,7.29,0.54,0.41,-,-,13.72%,-,HDA,2022-06-30 00:00:00,8.95,HDA
Q1 2022,54539,2370,171.67,-,-,-,-,-,248401,9.47,0.96,-,-,-,10.56%,-,HDA,2022-03-31 00:00:00,16.67,HDA
Q4 2021,77814,10447,756.67,500.000,395985,169488,226498,15126.47,332351,11.32,1.21,1.47,-,-,8.83%,3.29%,HDA,2021-12-31 00:00:00,15.22,HDA
Q3 2021,53533,5202,376.67,-,-,-,-,-,274851,9.94,0.95,-,-,17.19%,10.06%,-,HDA,2021-09-30 00:00:00,12.59,HDA
Q2 2021,73446,8216,595.00,-,392779,183656,209123,13992.54,126501,3.86,0.41,0.60,-,11.62%,25.88%,-,HDA,2021-06-30 00:00:00,5.66,HDA
Q1 2021,69104,5492,397.92,-,-,-,201215,13450.58,109250,9.08,0.39,0.54,9.68%,21.22%,11.02%,-,HDA,2021-03-31 00:00:00,4.89,HDA
Q4 2020,92930,8731,632.50,416.667,373244,172029,201215,13450.58,103500,11.24,0.40,0.51,10.18%,22.52%,8.90%,9.00%,HDA,2020-12-31 00:00:00,4.63,HDA
Q3 2020,71520,10304,746.67,-,351340,160522,190818,12817.91,89700,10.60,0.32,0.47,-6.91%,-29.93%,9.43%,-,HDA,2020-09-30 00:00:00,4.01,HDA
Q2 2020,44731,-12491,-905.00,-,356941,174946,181995,12191.27,96600,-,0.37,0.53,4.36%,5.65%,1.04%,-,HDA,2020-06-30 00:00:00,4.32,HDA
Q1 2020,52108,2663,193.33,-,351352,153871,197482,13135.94,77050,4.57,0.26,0.39,Upgrade,Upgrade,21.90%,-,HDA,2020-03-31 00:00:00,3.45,HDA
Q4 2019,,,,,,,,,,,,,,,,,HDA,2019-12-31 00:00:00,5.25,HDA
Q2 2024,30995,318.8,33.00,-,229149,80871,148279,15579.91,120870,5.06,0.50,0.82,-,0.74%,19.77%,-,TV3,2024-06-30 00:00:00,12.17,TV3
Q1 2024,25002,277.9,29.00,-,-,-,149258,15682.80,121821,5.90,0.52,0.82,10.70%,38.66%,16.96%,-,TV3,2024-03-31 00:00:00,12.27,TV3
Q4 2023,108898,14447,1518.02,500.000,285272,135569,149703,15729.60,104692,5.55,0.45,0.70,7.46%,24.80%,18.02%,4.74%,TV3,2023-12-31 00:00:00,10.54,TV3
Q3 2023,76458,8852,930.40,-,278719,129462,149258,15682.80,111354,7.75,0.54,0.75,-,-,12.90%,-,TV3,2023-09-30 00:00:00,10.73,TV3
Q2 2023,24657,-2912,-306.00,-,220231,83918,136313,14322.40,139904,-,0.78,1.03,-,-,5.24%,-,TV3,2023-06-30 00:00:00,13.48,TV3
Q1 2023,24005,-1523,-160.00,-,-,-,-,-,138952,-,0.59,-,5.61%,29.08%,11.48%,-,TV3,2023-03-31 00:00:00,13.39,TV3
Q4 2022,82380,9943,1201.46,-,269461,127413,142049,17163.77,206525,10.63,0.82,1.45,1.45%,5.57%,9.41%,-,TV3,2022-12-31 00:00:00,19.9,TV3
Q3 2022,48725,1819,191.30,-,262932,131469,131463,13812.85,172142,6.98,0.48,1.31,6.72%,17.81%,14.33%,-,TV3,2022-09-30 00:00:00,16.59,TV3
Q2 2022,78950,5715,600.87,-,274619,144782,129837,13641.97,198626,8.36,0.60,1.53,1.75%,6.22%,11.96%,-,TV3,2022-06-30 00:00:00,19.14,TV3
Q1 2022,40680,1959,206.09,-,248890,122043,126848,13327.87,217661,10.99,0.69,1.72,-,-,9.10%,-,TV3,2022-03-31 00:00:00,20.97,TV3
Q4 2021,191982,15181,1594.78,-,328402,203379,125023,13136.16,178763,8.81,0.57,1.43,-,-,11.35%,-,TV3,2021-12-31 00:00:00,17.22,TV3
Q3 2021,17571,904.46,94.78,-,-,-,-,-,149797,14.45,0.60,-,1.33%,5.94%,6.92%,-,TV3,2021-09-30 00:00:00,14.43,TV3
Q2 2021,67231,1767,186.09,-,254286,134425,119862,12593.85,165521,10.09,0.45,1.38,1.88%,8.35%,9.91%,-,TV3,2021-06-30 00:00:00,15.95,TV3
Q1 2021,35417,2439,238.26,-,251016,132922,118094,12408.14,202764,9.97,0.51,1.72,5.77%,18.60%,10.03%,-,TV3,2021-03-31 00:00:00,18.61,TV3
Q4 2020,128441,5257,552.17,-,319874,204218,115656,12151.97,198626,10.38,0.49,1.72,6.82%,26.05%,9.64%,-,TV3,2020-12-31 00:00:00,18.23,TV3
Q3 2020,133114,6947,729.57,-,338536,228137,110399,11599.62,230075,12.07,0.51,2.08,2.69%,21.44%,8.28%,-,TV3,2020-09-30 00:00:00,21.11,TV3
Q2 2020,99816,5700,599.13,-,276244,173273,102971,10819.11,256558,11.67,0.62,2.49,0.21%,4.53%,8.57%,-,TV3,2020-06-30 00:00:00,23.54,TV3
Q1 2020,42409,1235,129.57,-,240497,130810,109688,11524.89,202764,11.63,0.54,1.85,Upgrade,Upgrade,8.59%,-,TV3,2020-03-31 00:00:00,17.68,TV3
Q3 2024,,,,,,,,,,,,,,,,,TV3,2024-09-30 00:00:00,11.4,TV3
Q4 2019,,,,,,,,,,,,,,,,,TV3,2019-12-31 00:00:00,20.42,TV3
Q3 2024,31118,4456,-,-,190614,37259,153355,-,108327,6.27,1.29,0.71,-,12.87%,15.94%,-,EBS,2024-09-30 00:00:00,9.93,EBS
Q2 2024,30501,4826,450.00,-,181015,32259,148756,13871.73,114458,6.61,1.35,0.77,-,8.55%,15.12%,-,EBS,2024-06-30 00:00:00,10.49,EBS
Q1 2024,18230,3231,301.31,-,-,-,151115,14786.93,113436,6.57,1.32,0.75,0.71%,13.08%,15.21%,-,EBS,2024-03-31 00:00:00,10.4,EBS
Q4 2023,4371,4759,465.71,800.000,181980,30866,151115,14786.93,127744,7.67,1.43,0.85,5.62%,12.60%,13.04%,6.85%,EBS,2023-12-31 00:00:00,10.95,EBS
Q3 2023,31875,4495,-,-,188587,48544,140043,-,140007,8.14,1.57,1.00,-,12.94%,12.29%,-,EBS,2023-09-30 00:00:00,12.0,EBS
Q2 2023,31277,4770,-,-,188185,42764,145421,-,104239,7.10,1.21,0.72,-,7.04%,14.09%,-,EBS,2023-06-30 00:00:00,8.93,EBS
Q1 2023,21722,2629,-,-,-,-,149394,14618.53,98107,6.25,0.88,0.66,0.99%,15.20%,16.01%,-,EBS,2023-03-31 00:00:00,8.41,EBS
Q4 2022,4163,5307,519.25,850.000,196342,46948,149394,14618.53,92680,6.21,0.93,0.62,2.92%,5.61%,16.11%,10.59%,EBS,2022-12-31 00:00:00,7.51,EBS
Q3 2022,29023,1986,-,-,193622,49384,144238,-,99656,6.99,1.00,0.69,7.57%,16.04%,14.30%,-,EBS,2022-09-30 00:00:00,8.08,EBS
Q2 2022,57072,5784,-,-,206387,63673,142714,-,110618,7.36,1.08,0.78,1.94%,5.30%,13.58%,-,EBS,2022-06-30 00:00:00,8.97,EBS
Q1 2022,8933,1857,-,-,192712,47030,145682,-,115601,8.63,1.17,0.79,-,-,11.58%,-,EBS,2022-03-31 00:00:00,8.68,EBS
Q4 2021,4947,4625,-,850.000,151719,17378,134341,-,111615,9.61,1.00,0.83,-,-,10.40%,9.50%,EBS,2021-12-31 00:00:00,8.38,EBS
Q3 2021,31399,2758,-,-,-,-,-,-,94673,9.41,0.85,-,5.84%,12.17%,10.63%,-,EBS,2021-09-30 00:00:00,7.11,EBS
Q2 2021,53432,4148,-,-,168525,34129,134396,-,91683,9.87,0.79,0.68,-1.33%,0.23%,10.13%,-,EBS,2021-06-30 00:00:00,6.88,EBS
Q1 2021,21760,77.13,-,-,164557,26158,138399,-,91683,9.84,0.75,0.66,-2.91%,9.90%,10.16%,-,EBS,2021-03-31 00:00:00,6.88,EBS
Q4 2020,4921,3080,-,-,142186,16178,126008,-,98659,11.86,0.98,0.78,-0.54%,6.49%,8.43%,-,EBS,2020-12-31 00:00:00,6.85,EBS
Q3 2020,35757,1979,-,-,155944,33016,122928,-,79725,14.30,0.73,0.65,2.22%,13.47%,6.99%,-,EBS,2020-09-30 00:00:00,5.54,EBS
Q2 2020,59081,4177,-,-,163054,41974,121079,-,70756,7.78,0.48,0.58,-3.01%,-2.89%,12.85%,-,EBS,2020-06-30 00:00:00,4.92,EBS
Q1 2020,690.78,-920.98,-,-,142517,15435,127082,-,69759,-,0.42,0.55,Upgrade,Upgrade,18.04%,-,EBS,2020-03-31 00:00:00,4.85,EBS
Q4 2019,,,,,,,,,,,,,,,,,EBS,2019-12-31 00:00:00,4.82,EBS
Q4 2023,8795,-51.76,-4.00,168.000,152065,5243,146822,11346.63,100740,-,1.71,0.69,-1.39%,0.46%,3.07%,2.34%,CAG,2023-12-31 00:00:00,7.17,CAG
Q3 2023,11729,167.65,12.00,-,153133,6259,146874,10513.06,107640,34.42,1.61,0.73,0.58%,2.85%,2.91%,-,CAG,2023-09-30 00:00:00,7.66,CAG
Q2 2023,18077,1064,77.00,-,154688,7982,146706,10615.10,111780,29.32,1.58,0.76,-,-,3.41%,-,CAG,2023-06-30 00:00:00,7.95,CAG
Q1 2023,20481,1913,139.00,-,159510,7905,151605,11014.74,111780,19.78,1.47,0.74,-,-,5.06%,-,CAG,2023-03-31 00:00:00,7.61,CAG
Q4 2022,16368,-17.77,-1.00,-,157476,7784,149692,8422.21,109020,-,1.45,0.73,-,-,5.76%,-,CAG,2022-12-31 00:00:00,7.42,CAG
Q3 2022,15929,853.35,62.00,-,-,-,-,-,135240,14.99,1.80,-,5.66%,7.74%,6.67%,-,CAG,2022-09-30 00:00:00,9.2,CAG
Q2 2022,23467,2902,210.00,-,158349,9492,148856,10771.35,153180,14.88,2.01,1.03,4.23%,6.78%,6.72%,-,CAG,2022-06-30 00:00:00,10.42,CAG
Q1 2022,19232,2539,184.00,-,157310,6315,150996,10941.73,300840,38.16,4.75,1.99,3.79%,7.41%,2.62%,-,CAG,2022-03-31 00:00:00,20.12,CAG
Q4 2021,16688,2727,198.00,290.000,155531,7075,148456,10780.51,316020,59.55,5.92,2.13,3.36%,5.87%,1.68%,1.37%,CAG,2021-12-31 00:00:00,21.13,CAG
Q3 2021,16921,2123,154.00,-,153326,7596,145730,10569.11,376740,118.62,7.58,2.59,-,-,0.84%,-,CAG,2021-09-30 00:00:00,25.19,CAG
Q2 2021,10510,493.77,36.00,-,151900,8293,143606,10470.02,231840,112.28,4.96,1.61,-,-0.10%,0.89%,-,CAG,2021-06-30 00:00:00,15.5,CAG
Q1 2021,9232,-37.04,-3.00,-,-,-,147506,10645.74,234600,-,4.48,1.59,-0.08%,1.62%,1.56%,-,CAG,2021-03-31 00:00:00,15.45,CAG
Q4 2020,13052,595.8,43.00,-,153528,6022,147506,10645.74,1185420,273.85,20.75,8.04,0.87%,2.77%,0.37%,-,CAG,2020-12-31 00:00:00,78.08,CAG
Q3 2020,13993,1012,73.00,-,153161,6250,146910,10595.04,1185420,354.09,20.04,8.07,3.36%,5.72%,0.28%,-,CAG,2020-09-30 00:00:00,78.08,CAG
Q2 2020,16101,2096,152.00,-,154137,8496,145641,10559.94,1185420,382.53,18.79,8.14,0.38%,1.70%,0.26%,-,CAG,2020-06-30 00:00:00,77.89,CAG
Q1 2020,13991,624.32,45.00,-,152293,4822,147471,10629.59,1185420,316.79,17.39,8.04,-1.83%,-1.05%,0.32%,-,CAG,2020-03-31 00:00:00,77.89,CAG
Q3 2024,,,,,,,,,,,,,,,,,CAG,2024-09-30 00:00:00,7.8,CAG
Q2 2024,,,,,,,,,,,,,,,,,CAG,2024-06-30 00:00:00,9.9,CAG
Q1 2024,,,,,,,,,,,,,,,,,CAG,2024-03-31 00:00:00,7.36,CAG
Q4 2019,,,,,,,,,,,,,,,,,CAG,2019-12-31 00:00:00,77.89,CAG
Q3 2024,38704,2447,257.83,-,194211,20001,174210,18352.98,106313,7.79,0.44,0.61,4.62%,11.53%,12.84%,-,DHP,2024-09-30 00:00:00,10.73,DHP
Q2 2024,91494,4890,515.13,500.000,217833,48249,169584,17865.63,104414,7.66,0.44,0.62,8.57%,7.55%,13.05%,4.74%,DHP,2024-06-30 00:00:00,10.54,DHP
Q1 2024,68880,3220,339.24,-,254454,84720,169735,17881.47,106313,8.44,0.47,0.63,3.29%,7.30%,11.85%,-,DHP,2024-03-31 00:00:00,10.27,DHP
Q4 2023,42056,3098,326.42,-,211971,40695,171275,18043.79,106313,8.33,0.46,0.62,3.74%,5.80%,12.00%,-,DHP,2023-12-31 00:00:00,9.85,DHP
Q3 2023,36773,2422,255.12,-,222947,54756,168191,17718.83,94922,9.01,0.44,0.56,4.06%,9.27%,11.10%,-,DHP,2023-09-30 00:00:00,8.79,DHP
Q2 2023,79638,3859,406.49,500.000,242242,76464,165778,17464.68,116754,9.93,0.49,0.70,7.03%,8.05%,10.07%,9.24%,DHP,2023-06-30 00:00:00,10.82,DHP
Q1 2023,70462,3378,355.87,-,258806,91576,167230,17617.60,104414,7.74,0.40,0.62,-0.39%,2.08%,12.92%,-,DHP,2023-03-31 00:00:00,9.28,DHP
Q4 2022,30706,873.69,92.04,500.000,231500,62902,168598,17761.74,119602,8.61,0.45,0.71,5.04%,8.79%,11.62%,9.79%,DHP,2022-12-31 00:00:00,10.21,DHP
Q3 2022,55117,3648,384.31,-,208531,40767,167764,17673.91,109160,7.96,0.40,0.65,6.52%,13.64%,12.56%,-,DHP,2022-09-30 00:00:00,9.32,DHP
Q2 2022,105804,5592,589.07,500.000,222071,57955,164116,17289.60,100617,8.34,0.41,0.61,8.06%,9.20%,11.99%,11.64%,DHP,2022-06-30 00:00:00,8.59,DHP
Q1 2022,71596,3780,398.17,-,258418,94644,163774,17253.55,121500,9.96,0.49,0.74,-,-,10.04%,-,DHP,2022-03-31 00:00:00,9.98,DHP
Q4 2021,37812,691.96,72.90,500.000,214497,49756,164741,17355.37,128145,10.35,0.49,0.78,-,-,9.66%,4.93%,DHP,2021-12-31 00:00:00,10.13,DHP
Q3 2021,30874,2005,-,-,-,-,-,-,105363,8.09,0.42,-,7.42%,14.16%,12.35%,-,DHP,2021-09-30 00:00:00,8.33,DHP
Q2 2021,107002,5728,603.43,-,208723,46657,162066,17073.65,102516,7.77,0.38,0.63,8.88%,9.76%,12.87%,-,DHP,2021-06-30 00:00:00,8.11,DHP
Q1 2021,86137,3951,416.24,-,248204,86630,161573,17021.70,98719,8.59,0.40,0.61,2.05%,3.30%,11.65%,-,DHP,2021-03-31 00:00:00,7.45,DHP
Q4 2020,27445,1334,140.49,500.000,195876,33491,162384,17107.12,93973,7.96,0.35,0.58,3.44%,5.36%,12.56%,7.42%,DHP,2020-12-31 00:00:00,6.74,DHP
Q3 2020,46210,2176,229.29,-,186041,24968,161073,16968.98,90176,7.52,0.34,0.56,4.25%,9.98%,13.30%,-,DHP,2020-09-30 00:00:00,6.47,DHP
Q2 2020,88487,4037,425.31,-,201853,38197,163656,17241.16,92074,7.32,0.32,0.56,8.38%,10.61%,13.66%,-,DHP,2020-06-30 00:00:00,6.26,DHP
Q1 2020,104383,4254,-,-,239404,79288,160116,-,93024,7.43,0.32,0.58,Upgrade,Upgrade,13.46%,-,DHP,2020-03-31 00:00:00,6.33,DHP
Q4 2019,,,,,,,,,,,,,,,,,DHP,2019-12-31 00:00:00,5.01,DHP
Q3 2024,494920,521.48,-,-,244037,101311,142727,-,118800,12.30,0.05,0.83,-,14.27%,8.13%,-,PMB,2024-09-30 00:00:00,9.9,PMB
Q2 2024,667611,5282,440.18,-,236920,85098,151822,12651.84,135600,12.04,0.06,0.89,-,13.01%,8.31%,-,PMB,2024-06-30 00:00:00,10.47,PMB
Q1 2024,594057,4693,-,-,-,-,144314,12026.15,118800,12.89,0.05,0.82,-,-,7.76%,-,PMB,2024-03-31 00:00:00,9.17,PMB
Q4 2023,530268,-841.7,-70.14,800.000,184931,40617,144314,12026.15,117600,-,0.05,0.81,-,-,5.38%,8.81%,PMB,2023-12-31 00:00:00,9.08,PMB
Q3 2023,493562,2133,-,-,-,-,-,-,122400,-140.83,0.06,-,4.10%,8.24%,-0.71%,-,PMB,2023-09-30 00:00:00,9.45,PMB
Q2 2023,615157,3233,269.40,-,208402,50721,157681,13140.05,117600,37.86,0.05,0.75,-,-,2.64%,-,PMB,2023-06-30 00:00:00,9.08,PMB
Q1 2023,507370,1804,150.32,-,215935,59820,156115,13009.62,116400,9.83,0.05,0.75,-16.22%,-20.33%,10.18%,-,PMB,2023-03-31 00:00:00,8.07,PMB
Q4 2022,565724,-8039,-,-,197721,43409,154312,-,133200,-,0.05,0.86,6.04%,14.45%,13.40%,-,PMB,2022-12-31 00:00:00,9.24,PMB
Q3 2022,663403,6108,509.01,-,258076,96111,161964,13497.03,163200,4.03,0.06,1.01,14.04%,27.66%,24.81%,-,PMB,2022-09-30 00:00:00,11.32,PMB
Q2 2022,783197,11973,997.76,-,236374,60118,176256,14688.02,171600,4.11,0.06,0.97,9.20%,18.86%,24.33%,-,PMB,2022-06-30 00:00:00,10.64,PMB
Q1 2022,723259,7803,650.29,-,297212,127192,170020,14168.31,232800,6.69,0.10,1.37,-,-,14.95%,-,PMB,2022-03-31 00:00:00,14.43,PMB
Q4 2021,612224,14598,1216.48,1700.000,229811,68904,160907,13408.96,204000,5.55,0.10,1.27,-,-,18.02%,13.44%,PMB,2021-12-31 00:00:00,12.65,PMB
Q3 2021,528054,7373,-,-,-,-,-,-,181200,8.11,0.10,-,4.09%,13.35%,12.33%,-,PMB,2021-09-30 00:00:00,11.23,PMB
Q2 2021,463172,5031,419.27,-,320433,168702,151731,12644.24,128400,8.95,0.09,0.85,14.77%,26.98%,11.17%,-,PMB,2021-06-30 00:00:00,7.39,PMB
Q1 2021,452925,9764,813.70,-,221719,72053,149666,12472.19,97200,5.30,0.07,0.65,-6.08%,0.49%,18.87%,-,PMB,2021-03-31 00:00:00,5.59,PMB
Q4 2020,283859,170.74,-,700.000,188556,48654,139902,-,112800,11.77,0.08,0.81,-4.42%,-1.70%,8.50%,10.79%,PMB,2020-12-31 00:00:00,6.49,PMB
Q3 2020,241965,-622.96,-,-,188556,48654,139902,-,111600,-,0.08,0.80,11.40%,24.19%,8.07%,-,PMB,2020-09-30 00:00:00,6.42,PMB
Q2 2020,423599,9029,601.66,-,185512,32619,152893,10188.18,123600,12.56,0.08,0.81,-,-,7.96%,-,PMB,2020-06-30 00:00:00,6.36,PMB
Q1 2020,384484,1011,-,-,171181,25480,145702,-,82800,8.39,0.06,0.57,Upgrade,Upgrade,11.92%,-,PMB,2020-03-31 00:00:00,4.26,PMB
Q4 2019,,,,,,,,,,,,,,,,,PMB,2019-12-31 00:00:00,4.26,PMB
Q3 2024,186002,3629,641.00,-,276498,140951,135548,23407.69,87816,7.15,0.18,0.65,1.78%,5.77%,13.98%,-,STC,2024-09-30 00:00:00,14.35,STC
Q2 2024,75625,1833,324.00,-,261504,129695,131810,22795.94,98014,7.36,0.20,0.74,2.46%,5.38%,13.59%,-,STC,2024-06-30 00:00:00,16.01,STC
Q1 2024,52128,1657,293.00,-,175366,37569,137797,23880.31,96881,6.94,0.19,0.70,4.15%,15.65%,14.41%,-,STC,2024-03-31 00:00:00,15.83,STC
Q4 2023,171243,5156,910.01,1400.000,208669,72368,136301,23551.01,108778,7.29,0.22,0.80,4.96%,14.47%,13.71%,7.82%,STC,2023-12-31 00:00:00,16.57,STC
Q3 2023,194252,4676,825.00,-,290216,154666,135550,23408.84,112744,6.75,0.22,0.83,-,-,14.81%,-,STC,2023-09-30 00:00:00,17.17,STC
Q2 2023,88041,2467,435.00,-,277198,146463,130735,22583.53,121242,7.62,0.25,0.93,-,-,13.12%,-,STC,2023-06-30 00:00:00,18.47,STC
Q1 2023,49772,2616,310.00,-,-,-,-,-,116143,7.08,0.23,-,-,-,14.12%,-,STC,2023-03-31 00:00:00,17.69,STC
Q4 2022,177997,6939,882.00,-,-,-,-,-,95181,5.70,0.18,-,4.14%,12.32%,17.55%,-,STC,2022-12-31 00:00:00,13.58,STC
Q3 2022,162096,3881,685.00,-,286620,155156,131464,22701.83,105945,5.00,0.17,0.81,-,9.45%,19.99%,-,STC,2022-09-30 00:00:00,15.12,STC
Q2 2022,115422,2965,523.00,-,268556,141079,127477,22016.89,124642,6.70,0.23,0.98,-,9.29%,14.91%,-,STC,2022-06-30 00:00:00,17.79,STC
Q1 2022,86752,2916,514.50,-,-,-,130200,22478.58,130874,6.79,0.23,1.01,-,-,14.73%,-,STC,2022-03-31 00:00:00,18.68,STC
Q4 2021,258745,11416,1184.00,-,240300,110100,130200,22478.58,121242,6.50,0.23,0.93,-,-,15.39%,-,STC,2021-12-31 00:00:00,16.25,STC
Q3 2021,75488,1293,166.00,-,-,-,-,-,116143,11.08,0.28,-,5.11%,12.44%,9.03%,-,STC,2021-09-30 00:00:00,15.56,STC
Q2 2021,139312,3657,645.00,-,235259,113154,122105,21053.09,102546,6.43,0.20,0.84,-,-,15.56%,-,STC,2021-06-30 00:00:00,13.74,STC
Q1 2021,46969,2297,405.00,-,161798,43432,118366,20396.70,96314,6.29,0.20,0.81,3.69%,11.89%,15.90%,-,STC,2021-03-31 00:00:00,12.91,STC
Q4 2020,150712,3235,340.85,-,198058,74398,123660,12723.09,96314,7.11,0.21,0.78,8.70%,24.70%,14.07%,-,STC,2020-12-31 00:00:00,12.0,STC
Q3 2020,179871,6768,713.06,-,198058,74398,123660,12722.53,77051,6.36,0.20,0.62,4.05%,10.12%,15.72%,-,STC,2020-09-30 00:00:00,9.6,STC
Q2 2020,100581,3009,531.00,-,221764,108369,113394,19680.89,74785,7.75,0.24,0.66,-0.24%,0.15%,12.90%,-,STC,2020-06-30 00:00:00,9.32,STC
Q1 2020,27315,541.68,96.00,-,138125,27564,110561,19156.62,83283,7.00,0.23,0.75,Upgrade,Upgrade,14.30%,-,STC,2020-03-31 00:00:00,10.38,STC
Q4 2019,,,,,,,,,,,,,,,,,STC,2019-12-31 00:00:00,7.85,STC
Q3 2024,605187,2825,227.47,-,337194,143284,193910,15637.90,105400,9.91,0.04,0.54,1.79%,4.88%,10.09%,-,TMC,2024-09-30 00:00:00,8.5,TMC
Q2 2024,643485,2328,188.00,-,363572,175312,188260,15201.22,120280,8.56,0.05,0.64,1.31%,4.22%,11.69%,-,TMC,2024-06-30 00:00:00,9.7,TMC
Q1 2024,635142,2046,165.00,-,383416,190044,193372,15595.17,119040,9.17,0.05,0.62,2.34%,7.15%,10.90%,-,TMC,2024-03-31 00:00:00,8.99,TMC
Q4 2023,664999,3440,277.00,600.000,343071,148816,194255,15665.72,111600,9.37,0.04,0.57,4.46%,13.30%,10.67%,7.12%,TMC,2023-12-31 00:00:00,8.43,TMC
Q3 2023,663863,6242,503.00,-,421832,231016,190815,15388.33,111600,13.03,0.04,0.58,0.73%,2.69%,7.67%,-,TMC,2023-09-30 00:00:00,8.43,TMC
Q2 2023,606486,1249,101.00,-,315868,131295,184573,14884.96,116560,-55.28,0.04,0.63,-,-,-1.81%,-,TMC,2023-06-30 00:00:00,8.8,TMC
Q1 2023,604346,974.37,79.00,-,335545,148500,187045,15165.22,126480,78.28,0.04,0.68,-0.34%,0.21%,1.28%,-,TMC,2023-03-31 00:00:00,9.26,TMC
Q4 2022,726818,98.5,8.00,-,390687,203680,187007,15188.33,158720,35.60,0.05,0.85,-3.80%,-9.37%,2.81%,-,TMC,2022-12-31 00:00:00,11.62,TMC
Q3 2022,808053,-4430,-357.00,-,388687,201779,186908,15073.23,174840,-,0.06,0.94,3.58%,10.14%,9.64%,-,TMC,2022-09-30 00:00:00,12.8,TMC
Q2 2022,863764,4973,301.00,-,416958,225620,191338,15430.51,192200,12.25,0.08,1.00,3.16%,7.67%,8.16%,-,TMC,2022-06-30 00:00:00,14.07,TMC
Q1 2022,675205,3817,231.00,-,335877,134911,200966,16206.95,198400,14.88,0.11,0.99,-,-,6.72%,-,TMC,2022-03-31 00:00:00,13.72,TMC
Q4 2021,608978,12491,706.00,-,331662,134434,197228,15905.49,157480,11.38,0.10,0.80,-,-,8.79%,-,TMC,2021-12-31 00:00:00,10.89,TMC
Q3 2021,156990,-5590,-316.00,-,-,-,-,-,136400,-,0.10,-,-,-,4.73%,-,TMC,2021-09-30 00:00:00,9.43,TMC
Q2 2021,425964,2616,148.00,-,346516,156189,190327,15348.91,148800,8.28,0.10,0.78,-,-,12.07%,-,TMC,2021-06-30 00:00:00,10.29,TMC
Q1 2021,376274,4325,262.00,-,-,-,-,-,157480,13.65,0.11,-,4.25%,10.51%,7.33%,-,TMC,2021-03-31 00:00:00,10.11,TMC
Q4 2020,369447,5095,280.00,-,319875,123404,196472,15844.50,187240,24.32,0.13,0.95,4.04%,12.58%,4.11%,-,TMC,2020-12-31 00:00:00,12.02,TMC
Q3 2020,333159,5926,326.00,-,303989,112613,191376,10528.32,177320,24.65,0.11,0.93,-3.87%,-8.13%,4.06%,-,TMC,2020-09-30 00:00:00,11.39,TMC
Q2 2020,291760,-3806,-209.00,-,293884,108457,185427,14953.80,169880,-,0.09,0.92,-0.15%,0.99%,3.95%,-,TMC,2020-06-30 00:00:00,10.91,TMC
Q1 2020,422172,483.8,27.00,-,269134,79901,189233,10560.87,186000,8.72,0.08,0.98,Upgrade,Upgrade,11.46%,-,TMC,2020-03-31 00:00:00,11.46,TMC
Q4 2019,,,,,,,,,,,,,,,,,TMC,2019-12-31 00:00:00,11.08,TMC
Q3 2024,85941,3739,573.55,-,145169,59752,85417,13104.31,74311,7.83,0.27,0.87,9.59%,17.96%,12.78%,-,HCC,2024-09-30 00:00:00,11.4,HCC
Q2 2024,73773,3768,578.00,-,132542,46780,85762,13156.87,76267,10.32,0.31,0.89,4.14%,6.45%,9.69%,-,HCC,2024-06-30 00:00:00,10.63,HCC
Q1 2024,54360,1313,201.00,-,130454,48350,82104,12569.82,70400,9.23,0.30,0.86,3.96%,3.35%,10.83%,-,HCC,2024-03-31 00:00:00,9.81,HCC
Q4 2023,59774,676.68,104.00,-,131258,50467,80791,12416.84,69097,8.45,0.29,0.86,5.09%,7.76%,11.83%,-,HCC,2023-12-31 00:00:00,9.63,HCC
Q3 2023,58194,1632,250.42,-,131258,50467,80791,12400.00,65837,7.42,0.27,0.81,9.73%,18.70%,13.47%,-,HCC,2023-09-30 00:00:00,9.17,HCC
Q2 2023,63924,4002,614.00,-,147236,59931,87306,13393.83,76267,6.21,0.29,0.87,4.87%,8.99%,16.10%,-,HCC,2023-06-30 00:00:00,9.37,HCC
Q1 2023,53189,1866,286.00,-,146407,62453,83954,12864.19,71052,6.21,0.25,0.85,4.88%,6.72%,16.09%,-,HCC,2023-03-31 00:00:00,8.73,HCC
Q4 2022,70838,1368,210.00,1500.000,151706,69619,82088,12603.47,59971,5.82,0.21,0.73,11.20%,25.42%,17.20%,20.35%,HCC,2022-12-31 00:00:00,7.37,HCC
Q3 2022,79382,5042,773.00,-,141150,60430,80720,12376.00,71704,8.54,0.27,0.89,-,-,11.71%,-,HCC,2022-09-30 00:00:00,8.81,HCC
Q2 2022,82900,3158,485.00,-,151636,73677,77960,11972.00,72356,19.11,0.32,0.93,-,4.02%,5.23%,-,HCC,2022-06-30 00:00:00,8.62,HCC
Q1 2022,49713,744.84,114.00,-,-,-,74185,11432.58,78223,30.02,0.37,1.05,-,-,3.33%,-,HCC,2022-03-31 00:00:00,9.32,HCC
Q4 2021,50818,-551.56,-85.00,350.000,142930,68745,74185,11432.58,79526,-,0.36,1.07,-,-,3.86%,3.70%,HCC,2021-12-31 00:00:00,9.47,HCC
Q3 2021,43009,434.04,63.00,-,-,-,-,-,75615,18.95,0.35,-,-,-,5.28%,-,HCC,2021-09-30 00:00:00,9.0,HCC
Q2 2021,69902,1978,286.00,-,-,-,-,-,67793,5.37,0.19,-,-,-,18.61%,-,HCC,2021-06-30 00:00:00,8.07,HCC
Q1 2021,58104,1206,175.00,-,-,-,-,-,69097,6.49,0.25,-,-,-,15.40%,-,HCC,2021-03-31 00:00:00,8.23,HCC
Q4 2020,43188,373.32,57.00,-,-,-,-,-,67793,7.18,0.31,-,-,-,13.92%,-,HCC,2020-12-31 00:00:00,8.07,HCC
Q3 2020,,,,,,,,,,,,,,,,,HCC,2020-09-30 00:00:00,9.08,HCC
Q2 2020,,,,,,,,,,,,,,,,,HCC,2020-06-30 00:00:00,7.73,HCC
Q1 2020,,,,,,,,,,,,,,,,,HCC,2020-03-31 00:00:00,6.39,HCC
Q4 2019,,,,,,,,,,,,,,,,,HCC,2019-12-31 00:00:00,7.46,HCC
Q3 2024,94646,8261,816.00,-,213152,77454,135698,15212.65,81081,6.36,0.27,0.60,3.83%,7.28%,15.72%,-,PDB,2024-09-30 00:00:00,9.1,PDB
Q2 2024,67788,2337,231.00,-,200059,72648,127411,14285.51,92664,16.57,0.34,0.73,2.16%,3.09%,6.03%,-,PDB,2024-06-30 00:00:00,10.4,PDB
Q1 2024,62272,1016,114.00,-,212512,81939,130573,14635.61,85536,19.21,0.31,0.66,3.34%,3.55%,5.21%,-,PDB,2024-03-31 00:00:00,9.14,PDB
Q4 2023,72257,1132,112.00,500.000,223280,93663,129618,12810.93,78408,-71.45,0.32,0.60,2.74%,3.51%,-1.40%,5.97%,PDB,2023-12-31 00:00:00,8.38,PDB
Q3 2023,70520,1108,97.50,-,223280,93663,129618,11393.79,86427,-12.02,0.36,0.67,-,-,-8.32%,-,PDB,2023-09-30 00:00:00,9.24,PDB
Q1 2023,35308,-4534,-509.00,-,-,-,127759,14317.46,87318,-,0.33,0.68,-4.43%,-15.20%,-4.46%,-,PDB,2023-03-31 00:00:00,9.33,PDB
Q4 2022,67611,-4959,-557.00,-,222466,94707,127759,14317.46,90882,-,0.30,0.71,1.73%,3.11%,4.15%,-,PDB,2022-12-31 00:00:00,9.71,PDB
Q3 2022,79742,1045,103.00,-,233974,100864,133110,14906.76,141669,26.51,0.50,1.06,-,13.04%,3.77%,-,PDB,2022-09-30 00:00:00,15.14,PDB
Q2 2022,81664,4557,450.00,-,253558,110767,142791,14073.49,138105,25.35,0.56,0.97,-,9.13%,3.95%,-,PDB,2022-06-30 00:00:00,13.94,PDB
Q1 2022,69179,3129,309.00,-,-,-,137077,15355.53,310958,77.42,1.19,2.27,-,-,1.29%,-,PDB,2022-03-31 00:00:00,31.38,PDB
Q4 2021,53270,-3387,-380.00,1000.000,227319,90242,137077,15355.53,217404,-,0.83,1.59,-,-,1.31%,4.56%,PDB,2021-12-31 00:00:00,21.94,PDB
Q3 2021,43410,1149,114.00,-,-,-,-,-,106920,16.00,0.41,-,-,8.38%,6.25%,-,PDB,2021-09-30 00:00:00,10.79,PDB
Q2 2021,95844,3125,309.00,-,-,-,139900,15246.14,87318,9.23,0.31,0.62,3.00%,5.55%,10.83%,-,PDB,2021-06-30 00:00:00,8.81,PDB
Q1 2021,70509,1955,219.00,-,258312,118412,139900,15246.14,87318,13.38,0.34,0.62,0.05%,0.99%,7.47%,-,PDB,2021-03-31 00:00:00,8.81,PDB
Q4 2020,53572,451.26,45.00,-,248198,109138,139060,15159.26,66825,13.37,0.26,0.48,4.49%,11.19%,7.48%,-,PDB,2020-12-31 00:00:00,6.74,PDB
Q3 2020,64067,3925,385.00,-,268978,130262,138716,15108.61,63261,5.20,0.20,0.46,2.66%,0.63%,19.21%,-,PDB,2020-09-30 00:00:00,6.38,PDB
Q2 2020,70597,194.27,19.00,-,265700,130826,134874,14666.48,68607,3.85,0.19,0.51,1.41%,1.17%,25.98%,-,PDB,2020-06-30 00:00:00,6.92,PDB
Q1 2020,67645,426.42,48.00,-,276988,130899,146089,15928.14,73953,3.69,0.19,0.51,Upgrade,Upgrade,27.10%,-,PDB,2020-03-31 00:00:00,6.7,PDB
Q2 2023,,,,,,,,,,,,,,,,,PDB,2023-06-30 00:00:00,9.71,PDB
Q4 2019,,,,,,,,,,,,,,,,,PDB,2019-12-31 00:00:00,7.75,PDB
Q3 2024,133120,4067,1022.00,-,209535,131110,78425,19708.25,86719,6.12,0.21,1.11,5.79%,17.50%,16.34%,-,ADC,2024-09-30 00:00:00,21.8,ADC
Q2 2024,88832,3375,848.00,-,158308,83880,74427,18699.45,79559,5.56,0.19,1.07,3.22%,9.28%,17.97%,-,ADC,2024-06-30 00:00:00,20.0,ADC
Q1 2024,75751,1832,461.00,-,144564,64698,79865,20094.47,75581,5.35,0.17,0.95,8.33%,25.91%,18.68%,-,ADC,2024-03-31 00:00:00,19.0,ADC
Q4 2023,123557,4895,1231.00,-,161424,83396,78027,19622.42,73592,5.24,0.17,0.94,7.49%,23.66%,19.07%,-,ADC,2023-12-31 00:00:00,17.17,ADC
Q3 2023,133439,4196,1055.00,-,192793,119661,73132,18386.33,68023,4.28,0.16,0.93,-,-,23.35%,-,ADC,2023-09-30 00:00:00,15.87,ADC
Q2 2023,99166,3197,804.00,-,135549,66803,68746,17289.62,72796,5.14,0.17,1.06,-,-,19.47%,-,ADC,2023-06-30 00:00:00,16.99,ADC
Q1 2023,75500,1748,439.00,-,-,-,-,-,59669,4.88,0.15,-,-,-,20.51%,-,ADC,2023-03-31 00:00:00,13.92,ADC
Q4 2022,112202,6739,1694.00,1500.000,164138,92384,71754,18036.37,71603,5.98,0.18,1.00,-,-,16.73%,9.88%,ADC,2022-12-31 00:00:00,15.19,ADC
Q3 2022,143737,2487,625.00,-,-,-,-,-,89504,8.27,0.24,-,1.83%,7.62%,12.10%,-,ADC,2022-09-30 00:00:00,18.99,ADC
Q2 2022,78975,1262,422.66,-,116868,52789,64078,21468.86,83139,8.64,0.27,1.30,-,-,11.57%,-,ADC,2022-06-30 00:00:00,17.64,ADC
Q1 2022,57718,1492,300.00,-,129430,61044,68386,13747.63,85526,8.72,0.30,1.25,-,36.44%,11.47%,-,ADC,2022-03-31 00:00:00,18.14,ADC
Q4 2021,95480,5585,1404.00,-,-,-,61309,12339.04,81945,7.98,0.27,1.34,2.45%,8.46%,12.53%,-,ADC,2021-12-31 00:00:00,16.41,ADC
Q3 2021,73345,1282,258.00,-,147289,85980,61309,12339.04,95470,9.27,0.29,1.56,2.28%,9.43%,10.78%,-,ADC,2021-09-30 00:00:00,19.12,ADC
Q2 2021,61098,1449,364.62,-,117292,57384,59908,15075.63,85680,6.68,0.22,1.43,4.43%,12.35%,14.97%,-,ADC,2021-06-30 00:00:00,17.16,ADC
Q1 2021,69317,1956,491.54,-,120260,57211,63049,15845.98,71604,5.71,0.18,1.14,11.13%,36.90%,17.51%,-,ADC,2021-03-31 00:00:00,13.59,ADC
Q4 2020,120627,5609,1410.00,1153.846,137973,74373,63600,15989.04,50796,4.10,0.13,0.80,-,-,24.41%,11.97%,ADC,2020-12-31 00:00:00,9.64,ADC
Q3 2020,143347,3815,959.23,-,166712,108720,57991,14581.81,43146,4.22,0.12,0.74,-,-,23.72%,-,ADC,2020-09-30 00:00:00,8.19,ADC
Q2 2020,56519,1161,291.54,-,-,-,-,-,45594,4.31,0.13,-,3.34%,12.64%,23.18%,-,ADC,2020-06-30 00:00:00,8.65,ADC
Q1 2020,59281,1817,456.92,-,107996,50697,57299,14409.36,33660,3.07,0.09,0.59,Upgrade,Upgrade,32.59%,-,ADC,2020-03-31 00:00:00,6.39,ADC
Q4 2019,,,,,,,,,,,,,,,,,ADC,2019-12-31 00:00:00,8.37,ADC
Q3 2024,92557,1146,368.49,-,171156,132576,38580,12400.04,87116,29.10,0.28,2.26,2.89%,11.81%,3.44%,-,ARM,2024-09-30 00:00:00,28.0,ARM
Q2 2024,48915,1108,356.00,-,148848,112560,36288,11663.36,127251,31.56,0.48,3.51,3.22%,14.38%,3.17%,-,ARM,2024-06-30 00:00:00,40.9,ARM
Q1 2024,95830,1372,441.00,-,168480,129695,38785,12465.99,90227,19.55,0.35,2.33,0.14%,-6.68%,5.12%,-,ARM,2024-03-31 00:00:00,28.09,ARM
Q4 2023,74549,-632.35,-203.00,1000.000,186706,149172,37534,12063.89,93961,-,0.46,2.50,4.31%,23.57%,4.29%,3.42%,ARM,2023-12-31 00:00:00,29.25,ARM
Q3 2023,47442,2184,702.00,-,168803,130636,38167,12267.13,67826,12.26,0.37,1.78,-,-,8.15%,-,ARM,2023-09-30 00:00:00,21.12,ARM
Q2 2023,38719,1691,544.00,-,165585,129602,35982,11565.09,93338,23.83,0.49,2.59,-,-,4.20%,-,ARM,2023-06-30 00:00:00,28.48,ARM
Q1 2023,43559,785.75,253.00,-,-,-,-,-,140008,50.60,0.71,-,2.02%,9.87%,1.98%,-,ARM,2023-03-31 00:00:00,42.72,ARM
Q4 2022,54367,869.89,280.27,600.000,119453,83758,35695,11472.67,155564,65.54,0.86,4.36,1.24%,6.60%,1.53%,1.26%,ARM,2022-12-31 00:00:00,47.46,ARM
Q3 2022,52638,569.89,183.00,-,126956,92131,34825,11193.08,123518,41.12,0.71,3.55,1.74%,6.12%,2.43%,-,ARM,2022-09-30 00:00:00,37.68,ARM
Q2 2022,45350,541.66,174.00,-,115825,81570,34255,11009.91,140008,56.90,1.00,4.09,1.34%,4.30%,1.76%,-,ARM,2022-06-30 00:00:00,41.86,ARM
Q1 2022,28035,392.08,126.00,-,96807,60222,36585,11758.93,155564,81.97,1.28,4.25,-,-,1.22%,-,ARM,2022-03-31 00:00:00,46.51,ARM
Q4 2021,47917,1500,482.00,900.000,119914,83549,36365,11688.15,155564,81.44,0.81,4.28,-,-,1.23%,1.94%,ARM,2021-12-31 00:00:00,46.51,ARM
Q3 2021,18760,26.67,9.00,-,-,-,-,-,155564,88.44,0.88,-,-,-,1.13%,-,ARM,2021-09-30 00:00:00,46.51,ARM
Q2 2021,27169,-20.98,-7.00,-,-,-,-,-,149342,-,0.72,-,-,-,1.72%,-,ARM,2021-06-30 00:00:00,44.16,ARM
Q1 2021,97611,404.39,130.00,-,164135,127321,36814,11832.32,102672,104.66,0.47,2.79,-,15.39%,0.96%,-,ARM,2021-03-31 00:00:00,30.36,ARM
Q4 2020,32637,1349,434.00,-,-,-,35060,11268.78,155564,89.68,0.87,4.44,1.21%,9.65%,1.12%,-,ARM,2020-12-31 00:00:00,46.0,ARM
Q3 2020,50021,835.8,268.33,-,199840,164780,35060,11268.78,43558,20.28,0.20,1.24,-2.71%,-16.84%,4.93%,-,ARM,2020-09-30 00:00:00,12.88,ARM
Q2 2020,35928,-1608,-516.67,-,166874,132649,34225,11000.15,64559,-,0.25,1.89,-,-,5.59%,-,ARM,2020-06-30 00:00:00,19.09,ARM
Q1 2020,60697,1158,372.50,-,177980,135805,42175,13566.47,76745,11.10,0.29,1.82,Upgrade,Upgrade,9.01%,-,ARM,2020-03-31 00:00:00,21.16,ARM
Q4 2019,,,,,,,,,,,,,,,,,ARM,2019-12-31 00:00:00,25.73,ARM
Q3 2024,110562,1748,424.00,-,205188,107644,97545,23663.83,92718,15.40,0.36,0.95,-,-,6.52%,-,DAD,2024-09-30 00:00:00,18.47,DAD
Q4 2023,2382,93.47,15.05,2000.000,-,-,-,-,102502,29.44,0.71,-,-,-,3.42%,10.80%,DAD,2023-12-31 00:00:00,18.52,DAD
Q3 2023,129708,3403,548.00,-,-,-,-,-,104366,22.00,0.61,-,-0.47%,4.00%,4.54%,-,DAD,2023-09-30 00:00:00,18.85,DAD
Q1 2020,13806,801.53,78.00,-,122577,45722,76855,7479.03,73149,1208.93,1.57,0.95,-,-,0.08%,-,DAD,2020-03-31 00:00:00,10.67,DAD
Q2 2024,,,,,,,,,,,,,,,,,DAD,2024-06-30 00:00:00,17.54,DAD
Q1 2024,,,,,,,,,,,,,,,,,DAD,2024-03-31 00:00:00,16.53,DAD
Q2 2023,,,,,,,,,,,,,,,,,DAD,2023-06-30 00:00:00,18.52,DAD
Q1 2023,,,,,,,,,,,,,,,,,DAD,2023-03-31 00:00:00,14.65,DAD
Q4 2022,,,,,,,,,,,,,,,,,DAD,2022-12-31 00:00:00,14.09,DAD
Q3 2022,,,,,,,,,,,,,,,,,DAD,2022-09-30 00:00:00,15.56,DAD
Q2 2022,,,,,,,,,,,,,,,,,DAD,2022-06-30 00:00:00,18.68,DAD
Q1 2022,,,,,,,,,,,,,,,,,DAD,2022-03-31 00:00:00,18.91,DAD
Q4 2021,,,,,,,,,,,,,,,,,DAD,2021-12-31 00:00:00,20.49,DAD
Q3 2021,,,,,,,,,,,,,,,,,DAD,2021-09-30 00:00:00,19.39,DAD
Q2 2021,,,,,,,,,,,,,,,,,DAD,2021-06-30 00:00:00,13.22,DAD
Q1 2021,,,,,,,,,,,,,,,,,DAD,2021-03-31 00:00:00,13.81,DAD
Q4 2020,,,,,,,,,,,,,,,,,DAD,2020-12-31 00:00:00,12.16,DAD
Q3 2020,,,,,,,,,,,,,,,,,DAD,2020-09-30 00:00:00,10.33,DAD
Q2 2020,,,,,,,,,,,,,,,,,DAD,2020-06-30 00:00:00,10.12,DAD
Q4 2019,,,,,,,,,,,,,,,,,DAD,2019-12-31 00:00:00,13.45,DAD
Q3 2024,27745,2019,545.00,-,107106,41540,65565,21592.87,95951,5.92,0.87,1.46,-,-,16.90%,-,SDN,2024-09-30 00:00:00,31.06,SDN
Q1 2024,26089,1740,470.00,-,107337,42809,64528,21251.14,85627,5.26,0.77,1.33,5.14%,69.35%,19.00%,-,SDN,2024-03-31 00:00:00,26.81,SDN
Q4 2023,28324,10522,2841.00,1000.000,105158,40852,64306,17363.37,85020,5.16,0.77,1.32,6.83%,13.34%,19.37%,5.73%,SDN,2023-12-31 00:00:00,26.17,SDN
Q3 2023,28335,1939,524.00,500.000,106998,49929,57069,18794.67,83502,8.94,0.73,1.46,7.77%,14.21%,11.18%,7.20%,SDN,2023-09-30 00:00:00,25.7,SDN
Q2 2023,27806,2068,558.50,-,108122,48894,59229,19505.95,82591,5.41,0.70,1.39,7.88%,13.66%,18.50%,-,SDN,2023-06-30 00:00:00,24.1,SDN
Q1 2023,26070,1939,524.00,-,109681,52520,57161,18824.91,71356,4.69,0.59,1.25,11.49%,24.09%,21.34%,-,SDN,2023-03-31 00:00:00,20.83,SDN
Q4 2022,32599,3389,915.00,1350.000,105817,49429,56388,18570.47,63462,4.03,0.49,1.13,5.23%,58.51%,24.79%,9.61%,SDN,2022-12-31 00:00:00,18.21,SDN
Q3 2022,31639,7883,2129.00,400.000,111903,55773,56129,18485.29,67561,3.29,0.52,1.20,8.02%,15.90%,30.43%,7.74%,SDN,2022-09-30 00:00:00,19.38,SDN
Q2 2022,30338,2014,544.00,-,94815,43163,51652,17010.81,80162,6.08,0.68,1.55,11.07%,19.97%,16.44%,-,SDN,2022-06-30 00:00:00,21.92,SDN
Q1 2022,34180,2448,661.00,-,79279,29640,49639,13404.32,68472,5.22,0.56,1.38,31.17%,72.08%,19.14%,-,SDN,2022-03-31 00:00:00,18.73,SDN
Q4 2021,33582,8217,2219.00,1100.000,72368,23962,48405,15941.51,61791,4.74,0.52,1.28,1.81%,4.72%,21.08%,8.88%,SDN,2021-12-31 00:00:00,16.9,SDN
Q3 2021,20028,501.7,135.50,-,78248,35456,42792,14092.89,61184,5.60,0.47,1.43,-,-,17.85%,-,SDN,2021-09-30 00:00:00,16.4,SDN
Q2 2021,34988,1941,524.00,400.000,77562,35271,42290,13927.66,51012,4.35,0.36,1.21,-,-,22.98%,10.97%,SDN,2021-06-30 00:00:00,13.67,SDN
Q1 2021,30654,2368,639.50,-,-,-,-,-,54656,4.78,0.39,-,24.35%,60.14%,20.91%,-,SDN,2021-03-31 00:00:00,13.8,SDN
Q4 2020,43743,6109,1650.00,1100.000,72086,29550,42536,14008.48,45243,3.94,0.31,1.06,6.25%,13.68%,25.40%,9.89%,SDN,2020-12-31 00:00:00,11.12,SDN
Q3 2020,33485,1302,351.50,-,67967,29244,38723,12752.87,45547,6.80,0.32,1.18,8.15%,17.43%,14.71%,-,SDN,2020-09-30 00:00:00,11.2,SDN
Q2 2020,32910,1651,446.00,-,65661,28240,37421,12323.93,47065,7.17,0.33,1.26,11.41%,25.77%,13.94%,-,SDN,2020-06-30 00:00:00,11.57,SDN
Q1 2020,33733,2431,656.50,-,72876,34525,38351,12630.26,40992,6.22,0.28,1.07,9.33%,14.19%,16.09%,-,SDN,2020-03-31 00:00:00,9.53,SDN
Q2 2024,,,,,,,,,,,,,,,,,SDN,2024-06-30 00:00:00,28.33,SDN
Q4 2019,,,,,,,,,,,,,,,,,SDN,2019-12-31 00:00:00,9.88,SDN
Q3 2024,953922,2305,246.60,-,352116,194120,157996,16908.85,84096,8.27,0.02,0.53,-1.36%,8.69%,12.09%,-,PPY,2024-09-30 00:00:00,9.0,PPY
Q2 2024,1316441,3395,363.00,-,410656,257270,153386,16401.13,88768,6.88,0.02,0.58,1.73%,8.89%,14.54%,-,PPY,2024-06-30 00:00:00,9.5,PPY
Q1 2024,1235469,3499,375.00,-,450723,291534,159189,17058.87,86899,7.67,0.02,0.55,-6.53%,2.49%,13.03%,-,PPY,2024-03-31 00:00:00,8.64,PPY
Q4 2023,1207842,965.84,103.00,-,396884,241190,155694,16662.48,85965,8.09,0.02,0.55,3.03%,13.31%,12.37%,-,PPY,2023-12-31 00:00:00,8.55,PPY
Q3 2023,1082692,5050,540.00,-,349073,194766,154307,16500.33,85030,2.67,0.02,0.55,-2.84%,4.64%,37.46%,-,PPY,2023-09-30 00:00:00,8.46,PPY
Q2 2023,1086310,1810,194.00,-,358673,209416,149257,15998.86,94374,5.79,0.02,0.63,-0.85%,6.95%,17.26%,-,PPY,2023-06-30 00:00:00,9.39,PPY
Q1 2023,1038565,2806,255.00,-,400304,237533,162770,14792.65,86899,3.41,0.02,0.53,13.73%,59.45%,29.32%,-,PPY,2023-03-31 00:00:00,7.86,PPY
Q4 2022,1028126,22185,2374.00,1000.000,304868,144483,160385,17162.37,73817,2.98,0.02,0.46,-12.11%,-29.31%,33.53%,14.98%,PPY,2022-12-31 00:00:00,6.67,PPY
Q3 2022,1129434,-10511,-1125.00,-,306999,168836,138163,14788.07,97582,-,0.03,0.71,7.63%,30.53%,2.82%,-,PPY,2022-09-30 00:00:00,9.21,PPY
Q2 2022,1252790,10996,1176.85,-,466481,317770,148711,15915.42,83722,4.76,0.03,0.56,1.35%,6.00%,21.01%,-,PPY,2022-06-30 00:00:00,7.9,PPY
Q1 2022,827499,2077,200.00,-,348307,208859,139447,13429.22,135116,9.32,0.06,0.97,-,-,10.73%,-,PPY,2022-03-31 00:00:00,12.75,PPY
Q4 2021,599544,189.25,20.37,-,260398,122752,137646,14815.92,174769,10.33,0.09,1.27,-,-,9.68%,-,PPY,2021-12-31 00:00:00,15.8,PPY
Q3 2021,418358,4330,462.96,-,-,-,-,-,121127,5.21,0.07,-,6.32%,23.55%,19.21%,-,PPY,2021-09-30 00:00:00,10.95,PPY
Q2 2021,564365,7895,579.63,-,296186,163060,133126,9773.58,94306,3.68,0.06,0.71,5.20%,13.56%,27.17%,-,PPY,2021-06-30 00:00:00,8.53,PPY
Q1 2021,448145,4502,481.48,-,265300,130222,135079,14445.72,138431,10.43,0.10,1.02,7.05%,20.50%,9.59%,-,PPY,2021-03-31 00:00:00,11.99,PPY
Q4 2020,329750,6542,700.18,601.852,222313,91737,130576,13974.80,153264,15.37,0.10,1.17,-,-,6.51%,4.53%,PPY,2020-12-31 00:00:00,13.28,PPY
Q3 2020,328048,6683,715.17,-,252139,127407,124732,13348.16,167272,14.41,0.10,1.34,-,-,6.94%,-,PPY,2020-09-30 00:00:00,14.49,PPY
Q2 2020,333504,-4450,-,-,-,-,-,-,201880,-,0.11,-,-0.84%,3.70%,2.86%,-,PPY,2020-06-30 00:00:00,17.13,PPY
Q1 2020,482003,1199,128.75,-,217859,87641,130218,13976.94,217536,23.54,0.11,1.67,Upgrade,Upgrade,4.25%,-,PPY,2020-03-31 00:00:00,18.46,PPY
Q4 2019,,,,,,,,,,,,,,,,,PPY,2019-12-31 00:00:00,15.38,PPY
Q3 2024,12490,860.44,255.00,-,94265,39206,55058,16281.54,100371,-141.86,4.07,1.82,-0.85%,-2.69%,-0.70%,-,NHC,2024-09-30 00:00:00,33.0,NHC
Q1 2024,4091,-364.1,-120.00,-,63723,9685,54038,17768.02,97633,-,6.45,1.81,-1.84%,-2.92%,-1.12%,-,NHC,2024-03-31 00:00:00,32.1,NHC
Q4 2023,4717,-389.54,-115.00,-,65013,10661,54352,17827.91,100371,-,7.37,1.85,-3.29%,-5.96%,-0.95%,-,NHC,2023-12-31 00:00:00,33.0,NHC
Q3 2023,3355,-814.33,-241.00,-,57483,2734,54750,16162.90,112233,-,9.12,2.05,-,-,-3.05%,-,NHC,2023-09-30 00:00:00,36.9,NHC
Q2 2023,2975,479.07,142.00,-,58174,2479,55695,16465.49,86076,-82.71,5.70,1.55,-,-,-1.21%,-,NHC,2023-06-30 00:00:00,28.3,NHC
Q1 2023,2578,-225.17,-67.00,-,-,-,-,-,100371,-,3.63,-,-0.84%,-19.07%,2.27%,-,NHC,2023-03-31 00:00:00,32.04,NHC
Q4 2022,3398,-2866,-848.00,900.000,60923,2336,58588,17289.73,91246,-,2.73,1.56,6.32%,9.91%,3.74%,3.09%,NHC,2022-12-31 00:00:00,29.13,NHC
Q3 2022,6150,1572,465.00,-,64815,3365,61450,18138.56,92767,9.80,2.67,1.51,14.36%,23.76%,10.21%,-,NHC,2022-09-30 00:00:00,29.61,NHC
Q2 2022,15504,3800,1124.00,-,69855,3591,66264,19560.66,91246,7.26,2.83,1.38,2.09%,5.63%,13.77%,-,NHC,2022-06-30 00:00:00,27.49,NHC
Q1 2022,8331,908.26,269.00,-,66906,4464,62442,18459.45,95809,8.79,3.22,1.53,-3.60%,19.51%,11.38%,-,NHC,2022-03-31 00:00:00,28.86,NHC
Q4 2021,4824,3189,944.00,2000.000,72408,5828,66580,19676.04,95200,9.35,3.33,1.43,-,-,10.69%,12.21%,NHC,2021-12-31 00:00:00,28.68,NHC
Q3 2021,3616,4669,1382.00,-,70215,6391,63823,18853.45,103108,9.58,2.82,1.62,-,13.95%,10.43%,-,NHC,2021-09-30 00:00:00,29.65,NHC
Q2 2021,13018,2136,632.00,1500.000,66018,6768,59251,17496.58,105542,12.08,2.10,1.78,-,1.16%,8.28%,4.94%,NHC,2021-06-30 00:00:00,30.35,NHC
Q1 2021,7157,185.68,55.00,-,-,-,63390,18724.93,95809,10.50,1.63,1.51,11.48%,23.84%,9.52%,-,NHC,2021-03-31 00:00:00,25.91,NHC
Q4 2020,12807,3767,1115.00,-,69563,6173,63390,18724.93,97025,8.22,1.33,1.53,8.72%,17.17%,12.16%,-,NHC,2020-12-31 00:00:00,26.24,NHC
Q3 2020,17380,2650,784.00,-,69554,6624,62930,18578.25,88205,6.42,0.97,1.40,11.27%,16.38%,15.58%,-,NHC,2020-09-30 00:00:00,23.12,NHC
Q2 2020,21478,2521,746.00,-,68835,8325,60510,17867.95,80905,6.11,0.79,1.34,12.56%,18.63%,16.35%,-,NHC,2020-06-30 00:00:00,21.21,NHC
Q1 2020,21527,2862,847.00,-,69194,6630,62564,18477.54,107062,8.47,1.03,1.71,18.94%,38.09%,11.81%,-,NHC,2020-03-31 00:00:00,26.69,NHC
Q2 2024,,,,,,,,,,,,,,,,,NHC,2024-06-30 00:00:00,30.0,NHC
Q4 2019,,,,,,,,,,,,,,,,,NHC,2019-12-31 00:00:00,26.39,NHC
Q3 2024,50225,2289,361.00,600.000,213344,138667,74677,11776.54,42355,8.46,0.24,0.57,-,-,11.82%,5.04%,KST,2024-09-30 00:00:00,11.9,KST
Q4 2023,46562,217.11,61.00,-,249745,178437,71308,20034.61,-,-,-,-,-,-,-,-,KST,2023-12-31 00:00:00,13.33,KST
Q3 2023,21340,2130,273.00,-,-,-,-,-,-,-,-,-,-,-,-,-,KST,2023-09-30 00:00:00,12.09,KST
Q2 2024,,,,,,,,,,,,,,,,,KST,2024-06-30 00:00:00,14.66,KST
Q1 2024,,,,,,,,,,,,,,,,,KST,2024-03-31 00:00:00,12.47,KST
Q2 2023,,,,,,,,,,,,,,,,,KST,2023-06-30 00:00:00,12.04,KST
Q1 2023,,,,,,,,,,,,,,,,,KST,2023-03-31 00:00:00,12.3,KST
Q4 2022,,,,,,,,,,,,,,,,,KST,2022-12-31 00:00:00,11.86,KST
Q3 2022,,,,,,,,,,,,,,,,,KST,2022-09-30 00:00:00,8.35,KST
Q2 2022,,,,,,,,,,,,,,,,,KST,2022-06-30 00:00:00,12.09,KST
Q1 2022,,,,,,,,,,,,,,,,,KST,2022-03-31 00:00:00,13.84,KST
Q4 2021,,,,,,,,,,,,,,,,,KST,2021-12-31 00:00:00,9.8,KST
Q3 2021,,,,,,,,,,,,,,,,,KST,2021-09-30 00:00:00,12.93,KST
Q2 2021,,,,,,,,,,,,,,,,,KST,2021-06-30 00:00:00,10.01,KST
Q1 2021,,,,,,,,,,,,,,,,,KST,2021-03-31 00:00:00,8.72,KST
Q4 2020,,,,,,,,,,,,,,,,,KST,2020-12-31 00:00:00,6.97,KST
Q3 2020,,,,,,,,,,,,,,,,,KST,2020-09-30 00:00:00,6.12,KST
Q2 2020,,,,,,,,,,,,,,,,,KST,2020-06-30 00:00:00,6.82,KST
Q1 2020,,,,,,,,,,,,,,,,,KST,2020-03-31 00:00:00,5.55,KST
Q4 2019,,,,,,,,,,,,,,,,,KST,2019-12-31 00:00:00,4.74,KST
Q4 2023,86769,2258,394.01,1000.000,333524,111385,222140,38722.47,76872,7.45,0.25,0.35,-1.05%,1.39%,13.42%,8.00%,ALT,2023-12-31 00:00:00,12.5,ALT
Q3 2023,69384,781.88,136.00,-,310400,84540,225860,39371.01,84903,7.79,0.28,0.38,-,-,12.84%,-,ALT,2023-09-30 00:00:00,13.81,ALT
Q2 2023,80607,4112,717.00,-,298051,72505,225545,39316.11,82035,6.56,0.28,0.36,-,-,15.25%,-,ALT,2023-06-30 00:00:00,12.45,ALT
Q1 2023,74728,3168,552.50,-,-,-,-,-,86624,8.48,0.32,-,-,-,11.80%,-,ALT,2023-03-31 00:00:00,13.15,ALT
Q3 2022,74978,2840,428.00,-,-,-,-,-,110145,11.58,0.45,-,-,-,8.63%,-,ALT,2022-09-30 00:00:00,16.72,ALT
Q2 2022,63221,2392,417.00,-,290437,71818,218618,38108.68,113013,19.14,0.50,0.52,-,-,5.23%,-,ALT,2022-06-30 00:00:00,16.61,ALT
Q1 2022,55139,1819,317.00,-,-,-,-,-,122192,18.56,0.57,-,-,-,5.39%,-,ALT,2022-03-31 00:00:00,17.96,ALT
Q3 2021,50259,2457,428.00,-,306799,86852,219947,38315.28,73430,7.95,0.34,0.33,-,-1.40%,12.57%,-,ALT,2021-09-30 00:00:00,10.79,ALT
Q2 2021,58217,-762.35,-133.00,-,-,-,218106,38019.30,65972,-,0.30,0.30,2.15%,5.69%,21.95%,-,ALT,2021-06-30 00:00:00,9.24,ALT
Q1 2021,49709,3071,535.00,-,298386,80281,218106,38019.30,76298,6.22,0.38,0.35,4.78%,8.48%,16.07%,-,ALT,2021-03-31 00:00:00,10.68,ALT
Q4 2020,60203,4468,779.00,700.000,299687,85828,213858,37278.91,60235,12.90,0.31,0.28,5.74%,14.83%,7.75%,8.30%,ALT,2020-12-31 00:00:00,8.44,ALT
Q3 2020,52729,7706,1343.00,-,275723,67895,207828,36227.74,66546,46.70,0.34,0.32,-4.04%,-5.70%,2.14%,-,ALT,2020-09-30 00:00:00,9.32,ALT
Q2 2020,39152,-2981,-520.00,-,250935,43081,207854,36232.26,73430,-,0.37,0.35,-5.33%,-8.49%,-2.78%,-,ALT,2020-06-30 00:00:00,9.54,ALT
Q1 2020,42776,-4522,-788.00,-,245347,34512,210835,36751.87,71709,-,0.35,0.34,1.97%,2.28%,3.53%,-,ALT,2020-03-31 00:00:00,9.32,ALT
Q3 2024,,,,,,,,,,,,,,,,,ALT,2024-09-30 00:00:00,13.9,ALT
Q2 2024,,,,,,,,,,,,,,,,,ALT,2024-06-30 00:00:00,12.78,ALT
Q1 2024,,,,,,,,,,,,,,,,,ALT,2024-03-31 00:00:00,13.53,ALT
Q4 2022,,,,,,,,,,,,,,,,,ALT,2022-12-31 00:00:00,12.54,ALT
Q4 2021,,,,,,,,,,,,,,,,,ALT,2021-12-31 00:00:00,17.62,ALT
Q4 2019,,,,,,,,,,,,,,,,,ALT,2019-12-31 00:00:00,8.2,ALT
Q3 2024,72850,2708,564.00,-,120107,48993,71113,14816.76,66713,7.07,0.18,0.94,4.66%,13.95%,14.14%,-,PBP,2024-09-30 00:00:00,12.99,PBP
Q2 2024,85950,2368,493.00,-,115880,47475,68405,14252.46,60954,7.46,0.16,0.89,2.44%,6.62%,13.40%,-,PBP,2024-06-30 00:00:00,11.87,PBP
Q1 2024,56936,1112,232.00,-,152487,85132,67355,14033.66,55674,6.94,0.15,0.83,6.71%,19.24%,14.42%,-,PBP,2024-03-31 00:00:00,10.84,PBP
Q4 2023,156849,3245,338.13,900.000,125072,58027,67045,13969.08,54714,6.82,0.15,0.82,-,-,14.66%,8.45%,PBP,2023-12-31 00:00:00,10.65,PBP
Q3 2023,86673,1445,301.00,-,146737,78857,67880,14142.99,57114,8.86,0.17,0.84,-,-,11.28%,-,PBP,2023-09-30 00:00:00,10.36,PBP
Q2 2023,78431,2224,463.00,-,-,-,-,-,59514,11.68,0.19,-,-,-,8.56%,-,PBP,2023-06-30 00:00:00,10.8,PBP
Q1 2023,37780,1106,230.00,-,-,-,-,-,53755,8.02,0.15,-,2.87%,10.45%,12.47%,-,PBP,2023-03-31 00:00:00,9.75,PBP
Q4 2022,139538,1670,348.00,850.000,138810,74064,64747,13495.79,58554,8.67,0.16,0.90,0.11%,0.57%,11.53%,8.00%,PBP,2022-12-31 00:00:00,10.62,PBP
Q3 2022,53656,93.43,19.00,-,165077,102000,63077,13142.37,120948,21.07,0.35,1.92,9.42%,23.41%,4.75%,-,PBP,2022-09-30 00:00:00,21.94,PBP
Q2 2022,121762,3835,799.00,-,112114,45051,67063,13972.90,51355,6.89,0.15,0.77,4.53%,7.25%,14.52%,-,PBP,2022-06-30 00:00:00,8.99,PBP
Q1 2022,40595,1154,240.00,-,125290,61289,64001,13334.86,201580,29.38,0.65,3.15,-,-,3.40%,-,PBP,2022-03-31 00:00:00,35.3,PBP
Q4 2021,129651,657.52,137.00,850.000,102144,38896,63247,13177.83,70553,12.16,0.21,1.12,-,-,8.22%,6.88%,PBP,2021-12-31 00:00:00,12.36,PBP
Q3 2021,60490,1808,377.00,-,-,-,-,-,52795,5.26,0.16,-,9.82%,20.40%,18.99%,-,PBP,2021-09-30 00:00:00,9.25,PBP
Q2 2021,81487,3242,675.00,-,121929,57308,64621,13464.12,47995,4.47,0.13,0.74,-,-,22.37%,-,PBP,2021-06-30 00:00:00,7.73,PBP
Q1 2021,58346,93.29,19.00,-,103805,41314,62491,12727.77,49915,6.33,0.15,0.80,14.83%,31.32%,15.79%,-,PBP,2021-03-31 00:00:00,8.04,PBP
Q4 2020,132200,4885,-,-,103509,41111,62398,-,38396,4.84,0.12,0.62,-,-,20.67%,-,PBP,2020-12-31 00:00:00,6.18,PBP
Q3 2020,89692,2518,-,-,103509,41111,62398,-,34557,4.16,0.13,0.55,-,-,24.06%,-,PBP,2020-09-30 00:00:00,5.56,PBP
Q2 2020,54174,383.25,80.00,-,-,-,-,-,36956,11.11,0.18,-,1.47%,0.97%,9.00%,-,PBP,2020-06-30 00:00:00,5.27,PBP
Q1 2020,44843,149.47,31.00,-,128113,66375,61738,12863.44,27357,8.03,0.12,0.44,Upgrade,Upgrade,12.46%,-,PBP,2020-03-31 00:00:00,3.9,PBP
Q4 2019,,,,,,,,,,,,,,,,,PBP,2019-12-31 00:00:00,4.17,PBP
Q4 2023,53082,1385,233.00,800.000,186798,67099,119699,20149.60,77227,9.02,0.33,0.65,4.26%,8.95%,11.08%,6.56%,TTC,2023-12-31 00:00:00,12.2,TTC
Q3 2023,59319,2617,440.00,-,172376,54062,118314,19916.48,69504,8.02,0.27,0.59,-,9.55%,12.47%,-,TTC,2023-09-30 00:00:00,10.98,TTC
Q2 2023,63030,2843,479.00,-,180851,65153,115698,19476.00,71880,7.54,0.25,0.62,-,5.60%,13.26%,-,TTC,2023-06-30 00:00:00,11.36,TTC
Q1 2023,57609,1715,288.50,-,-,-,122509,20622.60,77227,8.37,0.25,0.63,3.48%,4.91%,11.95%,-,TTC,2023-03-31 00:00:00,12.2,TTC
Q4 2022,80578,1495,251.77,1200.000,183339,60830,122509,20622.60,71286,6.20,0.23,0.58,6.27%,11.66%,16.14%,11.65%,TTC,2022-12-31 00:00:00,10.3,TTC
Q3 2022,85323,3478,585.00,-,185675,64661,121015,20371.01,77227,5.65,0.26,0.64,7.11%,8.60%,17.69%,-,TTC,2022-09-30 00:00:00,11.15,TTC
Q2 2022,86726,2540,427.00,-,191859,74323,117536,19785.51,76039,8.37,0.30,0.65,7.02%,13.28%,11.95%,-,TTC,2022-06-30 00:00:00,10.98,TTC
Q1 2022,60520,3994,672.00,-,172121,53398,118723,19985.25,94454,8.51,0.40,0.80,4.98%,12.15%,11.76%,-,TTC,2022-03-31 00:00:00,13.64,TTC
Q4 2021,68933,3647,614.00,1500.000,178407,56549,121857,20512.88,90890,7.16,0.38,0.75,-1.35%,-3.68%,13.96%,12.54%,TTC,2021-12-31 00:00:00,11.96,TTC
Q3 2021,33659,-1091,-184.00,-,175512,57302,118210,19898.93,97425,-,0.41,0.82,-,-,12.58%,-,TTC,2021-09-30 00:00:00,12.82,TTC
Q2 2021,72384,4555,767.00,-,181862,62561,119301,20082.61,84950,5.34,0.30,0.71,-,18.30%,18.73%,-,TTC,2021-06-30 00:00:00,11.18,TTC
Q1 2021,63268,5580,939.00,-,-,-,121956,20521.46,79603,4.65,0.27,0.65,4.12%,10.69%,21.50%,-,TTC,2021-03-31 00:00:00,10.48,TTC
Q4 2020,68612,3215,541.00,-,199989,78034,121956,20521.46,79009,5.24,0.27,0.65,-,-,19.10%,-,TTC,2020-12-31 00:00:00,9.64,TTC
Q3 2020,75992,2562,431.00,-,198884,80144,118741,19988.21,64752,4.62,0.19,0.55,-,20.19%,21.64%,-,TTC,2020-09-30 00:00:00,7.9,TTC
Q2 2020,88503,5756,969.00,-,-,-,114011,19207.36,64752,4.40,0.18,0.57,6.11%,12.19%,22.73%,-,TTC,2020-06-30 00:00:00,7.9,TTC
Q1 2020,64096,3556,599.00,-,201269,87258,114011,19207.36,71880,4.78,0.19,0.63,3.01%,7.23%,20.90%,-,TTC,2020-03-31 00:00:00,8.77,TTC
Q3 2024,,,,,,,,,,,,,,,,,TTC,2024-09-30 00:00:00,10.0,TTC
Q2 2024,,,,,,,,,,,,,,,,,TTC,2024-06-30 00:00:00,10.9,TTC
Q1 2024,,,,,,,,,,,,,,,,,TTC,2024-03-31 00:00:00,11.0,TTC
Q4 2019,,,,,,,,,,,,,,,,,TTC,2019-12-31 00:00:00,8.62,TTC
Q4 2023,19349,-49.98,-5.23,375.000,235159,111524,123635,11930.76,63920,-,0.48,0.52,-1.49%,-1.07%,6.94%,6.26%,NDX,2023-12-31 00:00:00,5.99,NDX
Q3 2023,8534,-272.64,-28.45,-,248811,116436,132375,12812.77,65918,-,0.26,0.50,-,-,15.98%,-,NDX,2023-09-30 00:00:00,6.18,NDX
Q2 2023,57356,2515,262.19,-,234269,101538,132731,12828.83,70912,4.55,0.22,0.53,-,-,21.99%,-,NDX,2023-06-30 00:00:00,5.9,NDX
Q1 2023,48593,2244,234.00,-,-,-,-,-,69913,4.77,0.22,-,8.38%,18.26%,20.96%,-,NDX,2023-03-31 00:00:00,5.82,NDX
Q4 2022,142906,6047,630.71,-,230945,102048,128897,11920.30,55930,3.78,0.18,0.43,6.61%,14.57%,26.42%,-,NDX,2022-12-31 00:00:00,4.65,NDX
Q3 2022,68740,4784,499.10,-,195335,66543,128792,12400.37,65918,7.86,0.34,0.51,-,4.75%,12.73%,-,NDX,2022-09-30 00:00:00,5.48,NDX
Q2 2022,56668,1581,158.30,-,191151,62629,128521,11863.83,73908,15.69,0.51,0.58,-,7.36%,6.37%,-,NDX,2022-06-30 00:00:00,5.8,NDX
Q1 2022,36391,2366,-,-,-,-,123316,11448.58,99876,14.32,0.77,0.81,0.95%,-1.61%,6.98%,-,NDX,2022-03-31 00:00:00,7.84,NDX
Q4 2021,34488,-343.32,-34.37,450.000,209196,85880,123316,11448.58,108864,-,0.84,0.88,-,-,5.21%,5.26%,NDX,2021-12-31 00:00:00,8.55,NDX
Q3 2021,18314,1105,110.69,-,203044,78983,124061,11507.71,80535,9.63,0.70,0.65,-,11.67%,10.39%,-,NDX,2021-09-30 00:00:00,6.59,NDX
Q2 2021,40525,3847,-,-,-,-,127430,-,78618,9.50,0.76,0.62,-,-,10.52%,-,NDX,2021-06-30 00:00:00,6.43,NDX
Q1 2021,36210,1058,-,-,201979,74549,127430,-,90123,16.54,1.19,0.71,3.04%,9.45%,6.05%,-,NDX,2021-03-31 00:00:00,6.76,NDX
Q4 2020,19966,2357,-,-,198618,76611,122007,-,77659,15.87,1.58,0.64,-0.97%,5.56%,6.30%,-,NDX,2020-12-31 00:00:00,5.83,NDX
Q3 2020,6687,1011,178.00,-,129792,59935,69857,12295.02,58582,19.16,1.45,0.84,0.91%,5.44%,5.22%,-,NDX,2020-09-30 00:00:00,7.41,NDX
Q2 2020,13179,1025,180.00,-,140606,64935,75671,13293.44,74507,16.26,1.35,0.98,-0.14%,2.69%,6.15%,-,NDX,2020-06-30 00:00:00,8.55,NDX
Q1 2020,9282,502.18,88.00,-,131595,56544,75052,13151.66,61426,8.08,0.68,0.82,-14.92%,2.79%,12.38%,-,NDX,2020-03-31 00:00:00,7.05,NDX
Q3 2024,,,,,,,,,,,,,,,,,NDX,2024-09-30 00:00:00,5.5,NDX
Q2 2024,,,,,,,,,,,,,,,,,NDX,2024-06-30 00:00:00,5.81,NDX
Q1 2024,,,,,,,,,,,,,,,,,NDX,2024-03-31 00:00:00,5.71,NDX
Q4 2019,,,,,,,,,,,,,,,,,NDX,2019-12-31 00:00:00,7.96,NDX
Q3 2024,89370,1081,194.00,-,234827,139214,95613,17171.89,46771,20.70,0.12,0.49,-,-1.84%,4.83%,-,PTS,2024-09-30 00:00:00,8.4,PTS
Q2 2024,91257,-436.81,-78.00,-,251427,156877,94550,16980.96,52896,-,0.14,0.56,-,1.74%,-1.32%,-,PTS,2024-06-30 00:00:00,9.27,PTS
Q1 2024,94681,416.05,74.50,-,-,-,95409,17135.19,42317,-32.53,0.11,0.44,-,-,-3.07%,-,PTS,2024-03-31 00:00:00,7.41,PTS
Q4 2023,104886,1199,215.00,-,257939,162531,95409,17135.19,46771,100.80,0.12,0.49,-,-,0.99%,-,PTS,2023-12-31 00:00:00,8.19,PTS
Q3 2023,91736,-1877,-337.00,-,-,-,-,-,52896,-,0.13,-,0.89%,-4.17%,1.62%,-,PTS,2023-09-30 00:00:00,9.27,PTS
Q2 2023,92756,-1040,-187.00,-,262597,166418,96179,17273.46,56237,-,0.13,0.58,2.52%,8.54%,8.79%,-,PTS,2023-06-30 00:00:00,9.12,PTS
Q1 2023,104439,2181,392.00,-,258865,155683,103182,18531.28,56794,7.18,0.13,0.55,4.01%,6.31%,13.93%,-,PTS,2023-03-31 00:00:00,9.21,PTS
Q4 2022,116999,1593,286.00,800.000,265209,164178,101031,18144.92,54566,6.31,0.12,0.54,4.51%,8.94%,15.85%,9.04%,PTS,2022-12-31 00:00:00,8.85,PTS
Q3 2022,111826,2211,397.00,-,265209,164178,101031,18144.92,61248,4.63,0.14,0.61,4.35%,7.78%,21.59%,-,PTS,2022-09-30 00:00:00,9.93,PTS
Q2 2022,117327,1925,346.00,-,265073,168182,96891,17401.36,67373,4.89,0.16,0.70,-,-,20.44%,-,PTS,2022-06-30 00:00:00,10.93,PTS
Q1 2022,103785,2919,524.00,-,282036,180901,101134,18163.49,81293,5.18,0.21,0.80,5.40%,25.11%,19.32%,-,PTS,2022-03-31 00:00:00,12.37,PTS
Q4 2021,104886,6166,1107.00,-,267855,169621,98234,17642.58,64032,4.32,0.17,0.65,3.42%,11.55%,23.17%,-,PTS,2021-12-31 00:00:00,9.75,PTS
Q3 2021,87270,2758,430.56,-,267855,169621,98234,15332.72,64032,5.67,0.19,0.65,8.00%,16.52%,17.64%,-,PTS,2021-09-30 00:00:00,9.75,PTS
Q2 2021,93233,3861,693.00,-,265171,172390,92781,16654.32,48998,4.69,0.15,0.53,-,-,21.34%,-,PTS,2021-06-30 00:00:00,7.46,PTS
Q1 2021,82560,2050,368.00,-,272088,177928,94161,16901.39,51782,6.54,0.16,0.55,5.06%,11.41%,15.29%,-,PTS,2021-03-31 00:00:00,7.23,PTS
Q3 2020,79622,2628,472.00,-,288432,197533,90899,16328.10,41760,4.60,0.13,0.46,-,-,21.72%,-,PTS,2020-09-30 00:00:00,5.83,PTS
Q2 2020,78262,1917,344.00,-,295604,202244,93360,16757.22,30067,4.01,0.09,0.32,-,5.82%,24.91%,-,PTS,2020-06-30 00:00:00,3.65,PTS
Q1 2020,81248,1323,238.00,-,-,-,90825,16302.43,26726,4.74,0.08,0.29,5.49%,14.36%,21.10%,-,PTS,2020-03-31 00:00:00,3.24,PTS
Q4 2020,,,,,,,,,,,,,,,,,PTS,2020-12-31 00:00:00,6.45,PTS
Q4 2019,,,,,,,,,,,,,,,,,PTS,2019-12-31 00:00:00,3.38,PTS
Q1 2024,40823,-6438,-1422.00,-,243606,170131,73474,13493.09,44386,-,0.22,0.60,-,-,1.23%,-,VTC,2024-03-31 00:00:00,9.8,VTC
Q4 2023,122531,16096,3554.00,-,271027,190950,80076,14986.59,43027,28.90,0.24,0.54,-1.06%,-21.72%,3.46%,-,VTC,2023-12-31 00:00:00,8.85,VTC
Q3 2023,25789,-2751,-607.26,-,228125,163571,64555,11658.75,44839,-,0.60,0.69,-,-,-35.36%,-,VTC,2023-09-30 00:00:00,9.23,VTC
Q2 2023,12541,-6364,-1607.00,-,227887,160210,67678,11606.26,52085,-,0.32,0.77,-,-,-14.74%,-,VTC,2023-06-30 00:00:00,10.72,VTC
Q1 2023,18224,-5493,-1213.00,-,-,-,-,-,61143,-,0.37,-,0.31%,-4.80%,-7.51%,-,VTC,2023-03-31 00:00:00,12.58,VTC
Q3 2022,18684,-1245,-274.85,-,257502,170588,86914,15822.08,67937,-,0.37,0.78,8.81%,26.37%,5.32%,-,VTC,2022-09-30 00:00:00,13.31,VTC
Q2 2022,113828,5425,1198.28,-,295086,207152,87933,16091.78,70202,50.40,0.36,0.80,-1.67%,-14.58%,1.98%,-,VTC,2022-06-30 00:00:00,13.75,VTC
Q1 2022,15911,-3279,-724.00,-,262037,177068,84968,15497.75,105982,-,0.80,1.25,3.65%,12.97%,-0.74%,-,VTC,2022-03-31 00:00:00,20.76,VTC
Q4 2021,36829,2715,599.51,1200.000,254338,166176,88161,16226.93,67937,181.21,0.48,0.77,-,-,0.55%,9.43%,VTC,2021-12-31 00:00:00,12.73,VTC
Q3 2021,26898,-3468,-766.17,-,238708,153361,85347,15627.42,69749,-,0.32,0.82,-,-,9.21%,-,VTC,2021-09-30 00:00:00,13.07,VTC
Q2 2021,52533,3244,716.18,-,-,-,-,-,52085,4.77,0.16,-,-,-,20.98%,-,VTC,2021-06-30 00:00:00,9.76,VTC
Q1 2021,24577,-2116,-498.00,-,285084,192244,92840,17265.25,56614,-,0.17,0.61,-,-,12.27%,-,VTC,2021-03-31 00:00:00,10.61,VTC
Q4 2020,112714,8765,-,-,-,-,-,-,43027,4.28,0.10,-,2.72%,6.79%,23.35%,-,VTC,2020-12-31 00:00:00,7.43,VTC
Q3 2020,146186,1032,262.24,-,353875,265023,88852,15841.94,45291,3.43,0.06,0.51,0.40%,-3.18%,29.16%,-,VTC,2020-09-30 00:00:00,7.82,VTC
Q2 2020,55783,-734.61,-161.78,-,468647,381290,87357,15529.25,42121,-,0.06,0.48,1.86%,4.55%,52.63%,-,VTC,2020-06-30 00:00:00,7.28,VTC
Q1 2020,114072,981.7,244.00,-,447755,350172,97583,19482.87,42121,2.46,0.06,0.43,9.85%,54.97%,40.62%,-,VTC,2020-03-31 00:00:00,7.28,VTC
Q3 2024,,,,,,,,,,,,,,,,,VTC,2024-09-30 00:00:00,8.3,VTC
Q2 2024,,,,,,,,,,,,,,,,,VTC,2024-06-30 00:00:00,11.2,VTC
Q4 2022,,,,,,,,,,,,,,,,,VTC,2022-12-31 00:00:00,10.65,VTC
Q4 2019,,,,,,,,,,,,,,,,,VTC,2019-12-31 00:00:00,3.89,VTC
Q3 2024,51681,136.18,45.21,-,97614,42973,54642,18141.12,41566,80.33,0.24,0.76,-,1.61%,1.24%,-,BXH,2024-09-30 00:00:00,13.8,BXH
Q2 2024,40855,220.48,-,-,98319,43950,54369,-,47891,57.97,0.27,0.88,-,0.98%,1.73%,-,BXH,2024-06-30 00:00:00,15.65,BXH
Q1 2024,33402,135.51,-,-,-,-,55284,-,68675,62.30,0.35,1.24,0.04%,0.18%,1.61%,-,BXH,2024-03-31 00:00:00,22.44,BXH
Q4 2023,48961,25.26,-,-,113898,58614,55284,-,58132,42.76,0.27,1.05,-0.94%,3.22%,2.34%,-,BXH,2023-12-31 00:00:00,18.99,BXH
Q3 2023,54356,444.91,-,-,105384,49925,55459,-,45181,20.86,0.20,0.81,1.35%,3.58%,4.79%,-,BXH,2023-09-30 00:00:00,14.46,BXH
Q2 2023,61402,496.67,-,-,115633,60645,54988,-,45482,22.97,0.21,0.83,-,-,4.35%,-,BXH,2023-06-30 00:00:00,14.56,BXH
Q1 2023,50988,392.78,-,-,114833,58785,56047,-,37651,18.71,0.18,0.67,2.96%,6.02%,5.34%,-,BXH,2023-03-31 00:00:00,12.05,BXH
Q4 2022,54458,831.77,-,-,108269,52615,55654,-,32530,19.56,0.15,0.58,0.95%,1.89%,5.11%,-,BXH,2022-12-31 00:00:00,10.41,BXH
Q3 2022,44924,258.76,-,-,114327,59504,54823,-,41867,24.80,0.19,0.76,-,-,4.03%,-,BXH,2022-09-30 00:00:00,13.4,BXH
Q2 2022,55256,529.04,-,-,128182,73511,54671,-,40663,26.41,0.17,0.74,-,-,3.79%,-,BXH,2022-06-30 00:00:00,12.69,BXH
Q1 2022,60297,43.91,-,-,-,-,-,-,37048,22.29,0.15,-,-,-,4.49%,-,BXH,2022-03-31 00:00:00,11.56,BXH
Q4 2021,59855,856.19,-,300.000,129805,74060,55745,-,52409,31.83,0.23,0.94,-,-,3.14%,1.83%,BXH,2021-12-31 00:00:00,16.36,BXH
Q3 2021,60998,110.55,-,-,-,-,-,-,36144,21.25,0.16,-,1.75%,4.61%,4.71%,-,BXH,2021-09-30 00:00:00,10.46,BXH
Q2 2021,61361,651.17,-,-,135899,81121,54778,-,36144,16.49,0.16,0.66,-,-,6.06%,-,BXH,2021-06-30 00:00:00,10.46,BXH
Q1 2021,47285,28.5,-,-,133794,75674,58120,-,36144,10.07,0.17,0.62,2.69%,6.32%,9.94%,-,BXH,2021-03-31 00:00:00,10.46,BXH
Q4 2020,57697,910.39,-,-,143958,85866,58091,-,36144,9.03,0.18,0.62,1.76%,4.23%,11.08%,-,BXH,2020-12-31 00:00:00,10.46,BXH
Q3 2020,53366,601.55,-,-,137165,80055,57110,-,54217,15.12,0.27,0.95,5.42%,14.31%,6.61%,-,BXH,2020-09-30 00:00:00,14.76,BXH
Q2 2020,54363,2051,-,-,140887,84298,56590,-,52409,13.22,0.28,0.93,1.61%,3.05%,7.57%,-,BXH,2020-06-30 00:00:00,14.26,BXH
Q1 2020,37280,440.61,-,-,141697,83679,58018,-,43675,16.87,0.23,0.75,Upgrade,Upgrade,5.93%,-,BXH,2020-03-31 00:00:00,11.89,BXH
Q4 2019,,,,,,,,,,,,,,,,,BXH,2019-12-31 00:00:00,7.87,BXH
Q3 2024,2883,63.29,12.00,-,64114,23327,40787,7733.88,26519,7.78,0.28,0.65,-1.43%,0.09%,12.85%,-,KKC,2024-09-30 00:00:00,5.1,KKC
Q2 2024,41912,8.99,2.00,-,84839,44112,40727,9061.45,30159,8.03,0.28,0.74,-0.10%,4.47%,12.45%,-,KKC,2024-06-30 00:00:00,5.8,KKC
Q1 2024,30297,466.36,90.00,-,70917,28897,42020,8109.12,32239,28.09,0.31,0.77,-,-,3.56%,-,KKC,2024-03-31 00:00:00,6.2,KKC
Q4 2023,20718,2870,552.00,-,69875,28508,41368,7957.71,34839,167.47,0.34,0.84,-,-,0.60%,-,KKC,2023-12-31 00:00:00,6.7,KKC
Q3 2023,15372,411.11,79.00,-,-,-,-,-,33799,-5.62,0.28,-,-6.91%,-26.36%,-17.80%,-,KKC,2023-09-30 00:00:00,6.5,KKC
Q2 2023,38635,-2599,-500.00,-,76956,38806,38150,7338.12,36399,-,0.24,0.95,0.31%,-4.64%,-21.79%,-,KKC,2023-06-30 00:00:00,7.0,KKC
Q1 2023,28472,-473.16,-91.00,-,76369,35619,40750,7837.22,23399,-,0.13,0.57,-9.79%,-31.51%,-119.18%,-,KKC,2023-03-31 00:00:00,4.5,KKC
Q4 2022,39071,-3356,-645.00,-,68953,28041,40912,7864.15,34839,-,0.15,0.85,-2.51%,-12.76%,-81.60%,-,KKC,2022-12-31 00:00:00,6.7,KKC
Q3 2022,48638,-1502,-320.00,-,75747,31478,44269,9428.33,82157,-,0.31,1.86,3.82%,-147.35%,-34.02%,-,KKC,2022-09-30 00:00:00,15.8,KKC
Q2 2022,61534,-22556,-4807.00,-,168019,118067,49952,10645.36,93597,-,0.36,1.87,-,-,-27.98%,-,KKC,2022-06-30 00:00:00,18.0,KKC
Q1 2022,77096,-1015,-216.00,-,240384,167875,72509,15426.05,131035,-,0.40,1.81,-,-,0.19%,-,KKC,2022-03-31 00:00:00,25.2,KKC
Q4 2021,73650,-2879,-613.00,-,274199,200675,73524,15656.74,122469,-,0.35,1.67,-,-,4.65%,-,KKC,2021-12-31 00:00:00,26.1,KKC
Q3 2021,50505,266.5,57.00,-,-,-,-,-,126223,5.47,0.29,-,11.50%,19.81%,18.27%,-,KKC,2021-09-30 00:00:00,26.9,KKC
Q2 2021,126497,3871,825.00,-,95454,19364,76090,16218.47,108861,4.25,0.20,1.43,6.03%,22.81%,23.54%,-,KKC,2021-06-30 00:00:00,23.2,KKC
Q1 2021,98993,4437,946.00,-,119137,38941,80196,17098.36,75546,3.54,0.15,0.94,16.11%,85.01%,28.26%,-,KKC,2021-03-31 00:00:00,15.14,KKC
Q4 2020,156685,14485,3087.00,1700.000,126926,51521,75405,16069.60,37069,3.07,0.08,0.49,7.54%,19.10%,32.56%,23.91%,KKC,2020-12-31 00:00:00,7.43,KKC
Q3 2020,149149,2837,605.00,-,128420,67500,60920,12989.33,29561,-5.82,0.08,0.49,-5.10%,-2.83%,-17.19%,-,KKC,2020-09-30 00:00:00,5.93,KKC
Q2 2020,86872,-411.04,-88.00,-,151022,93070,57952,12406.93,24400,-,0.06,0.42,-0.48%,-31.87%,-40.82%,-,KKC,2020-06-30 00:00:00,4.89,KKC
Q1 2020,61713,-4843,-1032.00,-,139501,81137,58363,12436.13,21115,-,0.04,0.36,Upgrade,Upgrade,-45.83%,-,KKC,2020-03-31 00:00:00,4.23,KKC
Q4 2019,,,,,,,,,,,,,,,,,KKC,2019-12-31 00:00:00,7.05,KKC
Q3 2024,29076,1341,557.21,-,63431,21273,42158,17511.91,28885,15.92,0.48,0.69,0.33%,1.06%,8.49%,-,DAE,2024-09-30 00:00:00,13.91,DAE
Q1 2024,3191,110.89,-,-,50185,8403,41781,-,27537,11.21,0.50,0.66,-8.36%,-2.81%,11.23%,-,DAE,2024-03-31 00:00:00,12.21,DAE
Q4 2023,4460,-293.83,-461.49,-,49217,7546,41670,20643.58,27729,-,0.49,0.67,7.07%,12.45%,11.50%,-,DAE,2023-12-31 00:00:00,12.3,DAE
Q3 2023,23619,1293,682.59,-,61376,19470,41905,21761.64,22480,8.74,0.40,0.54,8.29%,19.70%,11.44%,-,DAE,2023-09-30 00:00:00,12.81,DAE
Q2 2023,23263,1983,824.08,-,55015,13806,41209,21398.16,40314,15.01,0.76,0.98,-,-,6.66%,-,DAE,2023-06-30 00:00:00,17.88,DAE
Q1 2023,5348,206.1,107.02,-,47985,8660,39326,20420.37,29074,10.70,0.48,0.74,-5.86%,-9.22%,9.35%,-,DAE,2023-03-31 00:00:00,12.89,DAE
Q4 2022,3655,-910.56,-378.26,-,47178,8059,39120,20313.35,29674,-,0.47,0.76,7.44%,14.24%,9.67%,-,DAE,2022-12-31 00:00:00,13.16,DAE
Q3 2022,20921,1407,730.56,-,60874,21026,39848,20691.61,33570,7.75,0.53,0.84,23.27%,20.63%,12.91%,-,DAE,2022-09-30 00:00:00,14.89,DAE
Q2 2022,31195,2016,837.37,-,56350,17153,39197,20353.38,35968,7.78,0.57,0.92,1.41%,3.67%,12.85%,-,DAE,2022-06-30 00:00:00,15.95,DAE
Q1 2022,7828,355.88,184.80,-,51230,12251,38979,20240.57,35369,7.40,0.60,0.91,-,-,13.51%,-,DAE,2022-03-31 00:00:00,15.69,DAE
Q4 2021,3298,555.5,288.45,933.852,46827,8203,38623,20055.77,34470,6.96,0.59,0.89,-,-,14.38%,6.42%,DAE,2021-12-31 00:00:00,14.55,DAE
Q3 2021,21240,1694,879.41,-,-,-,-,-,32222,7.00,0.57,-,10.70%,23.98%,14.28%,-,DAE,2021-09-30 00:00:00,13.6,DAE
Q2 2021,26294,2174,1129.09,-,52816,15451,37366,19402.55,30723,6.19,0.53,0.82,0.65%,5.92%,16.15%,-,DAE,2021-06-30 00:00:00,12.97,DAE
Q1 2021,7282,532.23,276.37,-,42504,7313,35191,18273.42,28475,5.80,0.54,0.81,-3.85%,2.17%,17.25%,-,DAE,2021-03-31 00:00:00,12.02,DAE
Q4 2020,1894,199.71,67.16,-,50437,13680,36757,19086.55,22930,4.74,0.44,0.62,-,-,21.11%,-,DAE,2020-12-31 00:00:00,8.98,DAE
Q3 2020,22884,2056,960.50,-,54503,17540,36963,19193.64,21581,4.72,0.39,0.58,-,-,21.20%,-,DAE,2020-09-30 00:00:00,8.45,DAE
Q2 2020,21076,2124,904.42,-,-,-,-,-,21581,5.38,0.41,-,-,-,18.58%,-,DAE,2020-06-30 00:00:00,8.45,DAE
Q1 2020,6377,462.04,-,-,43826,10577,33249,-,20982,8.31,0.53,0.63,-1.52%,-0.74%,12.03%,-,DAE,2020-03-31 00:00:00,8.22,DAE
Q2 2024,,,,,,,,,,,,,,,,,DAE,2024-06-30 00:00:00,13.45,DAE
Q4 2019,,,,,,,,,,,,,,,,,DAE,2019-12-31 00:00:00,9.1,DAE
Q4 2023,12441,-1409,-,-,43334,4896,38438,-,19559,-,0.33,0.51,-,-,-8.77%,-,HCT,2023-12-31 00:00:00,9.7,HCT
Q3 2023,13207,-520.95,-,-,41698,1851,39847,-,22785,-,0.35,0.57,-0.33%,0.70%,-0.74%,-,HCT,2023-09-30 00:00:00,11.2,HCT
Q1 2023,14424,71.27,35.00,-,43126,2226,40900,20086.07,34279,59.75,0.49,0.84,0.33%,1.41%,1.67%,-,HCT,2023-03-31 00:00:00,16.77,HCT
Q4 2022,20013,143.7,71.02,150.000,44503,3675,40829,20178.86,34279,54.04,0.49,0.84,0.08%,1.35%,1.85%,0.90%,HCT,2022-12-31 00:00:00,16.77,HCT
Q3 2022,16753,137.4,68.00,-,43269,2584,40685,20135.67,34279,45.95,0.49,0.84,-,-,2.18%,-,HCT,2022-09-30 00:00:00,16.68,HCT
Q2 2022,18505,221.37,110.00,-,44447,3899,40548,20148.85,34279,42.32,0.48,0.85,-,-,2.36%,-,HCT,2022-06-30 00:00:00,16.63,HCT
Q1 2022,15352,131.88,65.00,-,-,-,-,-,31657,42.55,0.43,-,-4.65%,2.51%,2.35%,-,HCT,2022-03-31 00:00:00,15.35,HCT
Q4 2021,18957,255.42,127.00,150.000,44025,3146,40879,20325.52,24600,35.96,0.34,0.60,1.16%,1.99%,2.78%,1.26%,HCT,2021-12-31 00:00:00,11.93,HCT
Q3 2021,18388,201.37,100.00,-,46714,6091,40623,20173.43,29238,-342.40,0.38,0.72,-0.72%,1.54%,-0.29%,-,HCT,2021-09-30 00:00:00,14.0,HCT
Q2 2021,20447,155.35,77.00,-,44482,4060,40422,20035.31,27020,115.32,0.33,0.67,0.23%,0.71%,0.87%,-,HCT,2021-06-30 00:00:00,12.94,HCT
Q1 2021,14997,72,36.00,-,44158,3891,40267,20132.00,26818,56.10,0.31,0.67,-3.86%,-4.99%,1.78%,-,HCT,2021-03-31 00:00:00,12.84,HCT
Q4 2020,22442,-514.12,-,200.000,45199,4230,40970,-,27221,-,0.29,0.66,2.63%,5.06%,2.85%,1.53%,HCT,2020-12-31 00:00:00,13.04,HCT
Q3 2020,23449,521.06,258.00,-,48389,6905,41484,20540.48,17946,11.28,0.18,0.43,-,-,8.86%,-,HCT,2020-09-30 00:00:00,8.0,HCT
Q2 2020,25357,399.12,198.00,-,45939,4976,40963,20321.28,20970,12.44,0.21,0.51,-,-,8.04%,-,HCT,2020-06-30 00:00:00,9.35,HCT
Q1 2020,21199,368.9,183.00,-,-,-,-,-,36698,20.06,0.36,-,-,-,4.98%,-,HCT,2020-03-31 00:00:00,16.36,HCT
Q3 2024,,,,,,,,,,,,,,,,,HCT,2024-09-30 00:00:00,9.0,HCT
Q2 2024,,,,,,,,,,,,,,,,,HCT,2024-06-30 00:00:00,9.8,HCT
Q1 2024,,,,,,,,,,,,,,,,,HCT,2024-03-31 00:00:00,9.7,HCT
Q2 2023,,,,,,,,,,,,,,,,,HCT,2023-06-30 00:00:00,4.64,HCT
Q4 2019,,,,,,,,,,,,,,,,,HCT,2019-12-31 00:00:00,20.58,HCT
Q3 2024,21653,678.86,260.00,-,86513,33956,52556,20074.94,18529,8.35,0.26,0.35,2.42%,5.45%,11.97%,-,SDC,2024-09-30 00:00:00,7.1,SDC
Q2 2024,22323,727.98,279.00,-,95562,43669,51893,19814.81,20616,11.56,0.35,0.40,-,-,8.65%,-,SDC,2024-06-30 00:00:00,7.9,SDC
Q1 2024,12246,239.21,92.00,-,94690,41607,53083,20265.77,21399,11.75,0.39,0.40,0.98%,4.40%,8.51%,-,SDC,2024-03-31 00:00:00,8.2,SDC
Q4 2023,14702,572.47,219.00,-,90239,37379,52861,20174.10,21921,12.04,0.42,0.41,1.01%,1.75%,8.30%,-,SDC,2023-12-31 00:00:00,7.92,SDC
Q3 2023,9264,243.94,93.00,-,92274,39991,52283,19954.73,20877,11.63,0.38,0.40,-,-,8.60%,-,SDC,2023-09-30 00:00:00,7.55,SDC
Q2 2023,18640,765.56,293.00,-,91545,39490,52054,19861.26,21399,10.28,0.36,0.41,-,-,9.73%,-,SDC,2023-06-30 00:00:00,7.73,SDC
Q1 2023,9941,238.27,91.00,-,-,-,-,-,23748,13.95,0.49,-,-,-,7.17%,-,SDC,2023-03-31 00:00:00,8.02,SDC
Q4 2022,16429,547.69,210.00,600.000,89392,36428,52963,20205.52,21660,12.70,0.46,0.41,-,-,7.87%,8.21%,SDC,2022-12-31 00:00:00,7.31,SDC
Q3 2022,14138,530.59,203.00,-,-,-,-,-,24270,10.69,0.56,-,1.09%,2.93%,9.36%,-,SDC,2022-09-30 00:00:00,8.19,SDC
Q2 2022,8052,385.84,148.00,-,89093,37209,51884,19791.77,23487,12.30,0.62,0.45,0.88%,1.80%,8.13%,-,SDC,2022-06-30 00:00:00,7.93,SDC
Q1 2022,8608,241.48,93.00,-,84146,30481,53666,20474.60,26096,11.36,0.55,0.49,-1.74%,8.42%,8.80%,-,SDC,2022-03-31 00:00:00,8.81,SDC
Q4 2021,12387,1113,426.00,500.000,88340,34898,53442,20389.06,25053,10.46,0.52,0.47,0.76%,1.30%,9.56%,12.35%,SDC,2021-12-31 00:00:00,8.1,SDC
Q3 2021,8761,168.66,65.00,-,89601,37272,52329,20076.68,26096,17.16,0.54,0.50,0.91%,5.88%,5.83%,-,SDC,2021-09-30 00:00:00,8.07,SDC
Q2 2021,17731,773.95,295.69,500.000,92016,39858,52158,19897.15,21138,9.38,0.35,0.41,1.23%,2.56%,10.66%,7.65%,SDC,2021-06-30 00:00:00,6.54,SDC
Q1 2021,9475,338.99,130.00,-,92237,38992,53245,20314.21,21399,15.96,0.41,0.40,0.18%,1.77%,6.26%,-,SDC,2021-03-31 00:00:00,6.62,SDC
Q4 2020,12262,239.4,92.00,-,95976,43072,52904,20183.36,30272,21.73,0.56,0.57,2.86%,6.89%,4.60%,-,SDC,2020-12-31 00:00:00,9.36,SDC
Q3 2020,20183,900.48,345.00,-,102069,49400,52669,20087.67,34708,18.01,0.58,0.66,-,-,5.55%,-,SDC,2020-09-30 00:00:00,9.66,SDC
Q2 2020,9868,-138.32,-53.00,-,102371,50554,51817,19764.35,42276,-,0.69,0.82,-,-,2.56%,-,SDC,2020-06-30 00:00:00,11.77,SDC
Q1 2020,11969,391.27,150.00,-,-,-,-,-,35230,19.59,0.50,-,Upgrade,Upgrade,5.10%,-,SDC,2020-03-31 00:00:00,9.81,SDC
Q4 2019,,,,,,,,,,,,,,,,,SDC,2019-12-31 00:00:00,11.99,SDC
