,Fiscal Quarter,Q2 2024,Q1 2024,Q4 2023,Q3 2023,Q2 2023,Q1 2023,Q4 2022,Q3 2022,Q2 2022,Q1 2022,Q4 2021,Q3 2021,Q2 2021,Q1 2021,Q4 2020,Q3 2020,Q2 2020,Q1 2020,Q4 2019,Q3 2019,+18 Quarters
,Period Ending,"Jun '24 Jun 30, 2024","Mar '24 Mar 31, 2024","Dec '23 Dec 31, 2023","Sep '23 Sep 30, 2023","Jun '23 Jun 30, 2023","Mar '23 Mar 31, 2023","Dec '22 Dec 31, 2022","Sep '22 Sep 30, 2022","Jun '22 Jun 30, 2022","Mar '22 Mar 31, 2022","Dec '21 Dec 31, 2021","Sep '21 Sep 30, 2021","Jun '21 Jun 30, 2021","Mar '21 Mar 31, 2021","Dec '20 Dec 31, 2020","Sep '20 Sep 30, 2020","Jun '20 Jun 30, 2020","Mar '20 Mar 31, 2020","Dec '19 Dec 31, 2019","Sep '19 Sep 30, 2019",+18 Quarters
0,Operating Revenue,8.89,8.89,9.86,8.39,9.4,8.71,8.31,8.55,10.88,9.73,15.27,16.2,15.53,12.9,13.56,12.7,-,18.67,24.49,24.57,Upgrade
1,Other Revenue,0.03,0.03,0.17,0.51,0.55,0.57,0.39,0.59,0.54,0.62,0.25,-,-,0.05,0.03,0.01,-,0.08,0.08,0.08,Upgrade
2,Revenue,8.92,8.92,10.03,8.9,9.95,9.28,8.7,9.14,11.42,10.35,15.53,16.2,15.53,12.95,13.59,12.72,-,18.74,24.57,24.64,Upgrade
3,Revenue Growth (YoY),-10.33%,-3.86%,15.32%,-2.57%,-12.92%,-10.36%,-43.98%,-43.61%,-26.45%,-20.06%,14.29%,27.41%,-,-30.93%,-44.71%,-48.41%,-,-33.02%,-20.97%,-10.08%,Upgrade
4,Cost of Revenue,8.27,8.27,16.74,8.53,8.68,8.42,17.65,8.27,11.66,10.52,14.35,14.64,13.82,12.35,13.14,12.15,-,16.12,19.03,23.71,Upgrade
5,Gross Profit,0.65,0.65,-6.71,0.37,1.27,0.86,-8.95,0.87,-0.24,-0.17,1.17,1.56,1.71,0.6,0.45,0.56,-,2.62,5.55,0.93,Upgrade
6,Other Operating Expenses,-,-,-,-,-,-,-,-,-,-,0.18,-,-,-,-,-,-,-,-,-,Upgrade
7,Operating Expenses,0.47,0.47,0.96,0.48,-0.52,1.12,1.12,1.12,0.93,1.35,2.97,1.73,1.72,1.95,2.14,2.39,-,4.65,4.88,3.92,Upgrade
8,Operating Income,0.18,0.18,-7.66,-0.11,1.78,-0.26,-10.07,-0.25,-1.17,-1.52,-1.8,-0.17,-0.01,-1.35,-1.7,-1.83,-,-2.03,0.66,-2.99,Upgrade
9,Interest Expense,-0.09,-0.09,-0.13,-0.04,-0.05,-0.07,-,-0.18,-0.13,-0.15,-0.15,-0.13,-0.16,-0.15,-,-0.15,-,-0.39,-0.4,-0.41,Upgrade
10,Interest & Investment Income,0,0,0,0,0,-,-,-,-,-,0,-,-,-,0.12,0.06,-,0.16,0.06,0.3,Upgrade
11,Currency Exchange Gain (Loss),-0,-0,-0,-,-0,-,-0,-,0,-0,0.02,-,-,-,0.01,-,-,-,-0.03,-,Upgrade
12,Other Non Operating Income (Expenses),-1.59,-1.59,-1.8,-1.7,-1.69,-1.36,-5.11,-1.24,-0.75,0.22,-4.12,-2.49,-2.15,-0.49,-6.46,0.9,-,-1.28,-2.53,-3.37,Upgrade
13,EBT Excluding Unusual Items,-1.5,-1.5,-9.58,-1.85,0.05,-1.69,-15.19,-1.67,-2.05,-1.45,-6.04,-2.79,-2.32,-1.99,-8.03,-1.01,-,-3.53,-2.23,-6.47,Upgrade
14,Gain (Loss) on Sale of Assets,-,-,-,-,-,-,-,-,-,-,-0.26,-,-,-,-0.41,-,-,-,0.27,-,Upgrade
15,Asset Writedown,-,-,-2.27,-,-,-,-4.54,-,-,-,-5.17,-,-,-,-0.97,-,-,-,-5.51,-,Upgrade
16,Other Unusual Items,-,-,-,-,-,-,4.03,-,0.22,0.25,1.39,-,0.18,-,7.12,0.31,-,-,-,-,Upgrade
17,Pretax Income,-1.5,-1.5,-11.86,-1.85,0.05,-1.69,-15.7,-1.67,-1.83,-1.2,-10.08,-2.79,-2.15,-1.99,-2.29,-0.71,-,-3.53,-7.47,-6.47,Upgrade
18,Income Tax Expense,-,-,-,-,-,-,-,-,-,-,1.6,-,-,-,0.4,-,-,-,-1.17,-,Upgrade
19,Earnings From Continuing Operations,-1.5,-1.5,-11.86,-1.85,0.05,-1.69,-15.7,-1.67,-1.83,-1.2,-11.68,-2.79,-2.15,-1.99,-2.69,-0.71,-,-3.53,-6.3,-6.47,Upgrade
20,Earnings From Discontinued Operations,-,-,-,-,-,-,-,-,-,-,-0.07,4.18,-0.46,-1.6,-7.28,-1.78,-,-,-,-,Upgrade
21,Net Income to Company,-1.5,-1.5,-11.86,-1.85,0.05,-1.69,-15.7,-1.67,-1.83,-1.2,-11.75,1.39,-2.61,-3.59,-9.97,-2.48,-,-3.53,-6.3,-6.47,Upgrade
22,Net Income,-1.5,-1.5,-11.86,-1.85,0.05,-1.69,-15.7,-1.67,-1.83,-1.2,-11.75,1.39,-2.61,-3.59,-9.97,-2.48,-,-3.53,-6.3,-6.47,Upgrade
23,Net Income to Common,-1.5,-1.5,-11.86,-1.85,0.05,-1.69,-15.7,-1.67,-1.83,-1.2,-11.75,1.39,-2.61,-3.59,-9.97,-2.48,-,-3.53,-6.3,-6.47,Upgrade
24,Shares Outstanding (Basic),31,31,58,22,29,22,22,22,22,22,22,22,22,22,22,22,-,22,22,22,Upgrade
25,Shares Outstanding (Diluted),31,31,58,22,29,22,22,22,22,22,22,22,22,22,22,22,-,22,22,22,Upgrade
26,Shares Change (YoY),6.87%,40.30%,159.54%,0.56%,31.28%,-,-,-,-,-,-,-,-,-,-,-,-,-,-,-,Upgrade
27,EPS (Basic),-0.05,-0.05,-0.20,-0.08,0.00,-0.08,-0.70,-0.07,-0.08,-0.05,-0.53,0.06,-0.12,-0.16,-0.45,-0.11,-,-0.16,-0.28,-0.29,Upgrade
28,EPS (Diluted),-0.05,-0.05,-0.20,-0.08,0.00,-0.08,-0.70,-0.07,-0.08,-0.05,-0.53,0.06,-0.12,-0.16,-0.45,-0.11,-,-0.16,-0.28,-0.29,Upgrade
29,Free Cash Flow,-0.34,-0.34,-,-,-,-,-,-,-,-,-,-,-,-,-,-,-,-,-,-,Upgrade
30,Free Cash Flow Per Share,-0.01,-0.01,-,-,-,-,-,-,-,-,-,-,-,-,-,-,-,-,-,-,Upgrade
31,Gross Margin,7.32%,7.32%,-66.87%,4.16%,12.74%,9.24%,-102.92%,9.51%,-2.07%,-1.67%,7.55%,9.65%,11.02%,4.61%,3.28%,4.43%,-,14.00%,22.57%,3.79%,Upgrade
32,Operating Margin,2.06%,2.06%,-76.39%,-1.20%,17.94%,-2.81%,-115.76%,-2.74%,-10.23%,-14.71%,-11.57%,-1.03%,-0.07%,-10.43%,-12.49%,-14.38%,-,-10.80%,2.69%,-12.11%,Upgrade
33,Profit Margin,-16.80%,-16.80%,-118.19%,-20.76%,0.49%,-18.22%,-180.42%,-18.30%,-15.99%,-11.59%,-75.69%,8.59%,-16.78%,-27.72%,-73.37%,-19.53%,-,-18.84%,-25.63%,-26.25%,Upgrade
34,Free Cash Flow Margin,-3.83%,-3.83%,-,-,-,-,-,-,-,-,-,-,-,-,-,-,-,-,-,-,Upgrade
35,EBITDA,0.65,0.65,-7.62,-0.07,2.08,-0.22,-10.03,0.2,-0.03,-1.07,-1.35,0.5,1.82,-0.68,-1.03,-0.79,-,-0.98,1.7,-1.35,Upgrade
36,EBITDA Margin,7.32%,7.32%,-75.97%,-0.74%,20.96%,-2.37%,-115.28%,2.20%,-0.25%,-10.35%,-8.67%,3.10%,11.74%,-5.26%,-7.57%,-6.19%,-,-5.25%,6.93%,-5.50%,Upgrade
37,D&A For EBITDA,0.47,0.47,0.04,0.04,0.3,0.04,0.04,0.45,1.14,0.45,0.45,0.67,1.83,0.67,0.67,1.04,4.3,1.04,1.04,1.63,Upgrade
38,EBIT,0.18,0.18,-7.66,-0.11,1.78,-0.26,-10.07,-0.25,-1.17,-1.52,-1.8,-0.17,-0.01,-1.35,-1.7,-1.83,-,-2.03,0.66,-2.99,Upgrade
39,EBIT Margin,2.06%,2.06%,-76.39%,-1.20%,17.94%,-2.81%,-115.76%,-2.74%,-10.23%,-14.71%,-11.57%,-1.03%,-0.07%,-10.43%,-12.49%,-14.38%,-,-10.80%,2.69%,-12.11%,Upgrade
40,Advertising Expenses,-,-,-,0.44,-,0.43,-,0.39,0.62,-,-,0.93,0.91,0.99,-,0.93,-,0.8,-,0.81,Upgrade
