,Fiscal Quarter,Q4 2024,Q3 2024,Q2 2024,Q1 2024,Q4 2023,Q3 2023,Q2 2023,Q1 2023,Q4 2022,Q3 2022,Q2 2022,Q1 2022,Q4 2021,Q3 2021,Q2 2021,Q1 2021,Q4 2020,Q3 2020,Q2 2020,Q1 2020,+20 Quarters
,Period Ending,"Dec '24 Dec 30, 2024","Sep '24 Sep 30, 2024","Jun '24 Jun 30, 2024","Mar '24 Mar 31, 2024","Dec '23 Dec 31, 2023","Sep '23 Sep 30, 2023","Jun '23 Jun 30, 2023","Mar '23 Mar 31, 2023","Dec '22 Dec 31, 2022","Sep '22 Sep 30, 2022","Jun '22 Jun 30, 2022","Mar '22 Mar 31, 2022","Dec '21 Dec 31, 2021","Sep '21 Sep 30, 2021","Jun '21 Jun 30, 2021","Mar '21 Mar 31, 2021","Dec '20 Dec 31, 2020","Sep '20 Sep 30, 2020","Jun '20 Jun 30, 2020","Mar '20 Mar 31, 2020",+20 Quarters
0,Operating Revenue,37235,38704,91494,68880,42056,36773,79638,70462,30706,55117,105804,71596,37812,30874,107002,86137,27445,46210,88487,104383,Upgrade
1,Revenue,37235,38704,91494,68880,42056,36773,79638,70462,30706,55117,105804,71596,37812,30874,107002,86137,27445,46210,88487,104383,Upgrade
2,Revenue Growth (YoY),-11.46%,5.25%,14.89%,-2.25%,36.96%,-33.28%,-24.73%,-1.58%,-18.79%,78.52%,-1.12%,-16.88%,37.78%,-33.19%,20.92%,-17.48%,-8.50%,-25.16%,-5.69%,11.33%,Upgrade
3,Cost of Revenue,34445,33230,80250,56007,36739,28450,69008,57923,28818,45053,92013,58337,36187,23989,93307,73261,23042,38861,78903,90672,Upgrade
4,Gross Profit,2790,5475,11244,12872,5317,8323,10630,12540,1889,10064,13791,13259,1626,6885,13695,12875,4403,7349,9585,13711,Upgrade
5,"Selling, General & Admin",1516,3340,6877,4881,2451,4846,6557,5649,2232,5720,7527,5634,2402,4474,6912,4992,2838,4678,5832,6177,Upgrade
6,Operating Expenses,1516,3340,6877,4881,2451,4846,6557,5649,2232,5720,7527,5634,2402,4474,6912,4992,2838,4678,5832,6177,Upgrade
7,Operating Income,1273,2135,4367,7992,2865,3478,4073,6890,-343.05,4344,6264,7625,-776.15,2410,6783,7884,1565,2671,3753,7534,Upgrade
8,Interest Expense,-7.05,-6.46,-1.38,-148,-459.72,-595.17,-466.3,-238.42,-286.41,-160.53,-126.92,-113.23,-111.15,-31.5,-42.06,-54.26,-68.05,-151.03,-87.21,-270.17,Upgrade
9,Interest & Investment Income,1243,782.09,894.81,237.67,1274,405.08,1291,388.19,1604,588.38,515.96,170.59,1599,114.67,398.77,111.82,187.4,173.56,255.66,51.37,Upgrade
10,Other Non Operating Income (Expenses),89.94,23.98,851.49,-4056,-56.26,-260.68,-74.94,-2818,18.08,-212.01,336.4,-2958,3.27,12.67,20.34,-3003,-17.57,26.97,1125,-1998,Upgrade
11,Pretax Income,2599,2934,6112,4025,3623,3027,4823,4222,992.12,4560,6990,4724,714.95,2506,7160,4939,1667,2721,5046,5317,Upgrade
12,Income Tax Expense,319.73,486.85,1222,805.04,524.62,605.41,964.63,844.49,118.42,911.98,1398,944.89,22.99,501.22,1432,987.76,333.39,544.12,1009,1063,Upgrade
13,Earnings From Continuing Operations,2279,2447,4890,3220,3098,2422,3859,3378,873.69,3648,5592,3780,691.96,2005,5728,3951,1334,2176,4037,4254,Upgrade
14,Net Income,2279,2447,4890,3220,3098,2422,3859,3378,873.69,3648,5592,3780,691.96,2005,5728,3951,1334,2176,4037,4254,Upgrade
15,Net Income to Common,2279,2447,4890,3220,3098,2422,3859,3378,873.69,3648,5592,3780,691.96,2005,5728,3951,1334,2176,4037,4254,Upgrade
16,Net Income Growth,-26.45%,1.06%,26.73%,-4.67%,254.64%,-33.62%,-30.99%,-10.62%,26.26%,81.95%,-2.38%,-4.34%,-48.11%,-7.88%,41.88%,-7.12%,-12.38%,-21.23%,1.43%,11.32%,Upgrade
17,Shares Outstanding (Basic),9,9,9,9,9,9,9,9,9,9,9,9,9,-,9,9,9,9,9,-,Upgrade
18,Shares Outstanding (Diluted),9,9,9,9,9,9,9,9,9,9,9,9,9,-,9,9,9,9,9,-,Upgrade
19,EPS (Basic),240.08,257.83,515.13,339.24,326.42,255.12,406.49,355.87,92.04,384.31,589.07,398.17,72.90,-,603.43,416.24,140.49,229.29,425.31,-,Upgrade
20,EPS (Diluted),240.08,257.83,515.13,339.24,326.42,255.12,406.49,355.87,92.04,384.31,589.07,398.17,72.90,-,603.43,416.24,140.49,229.29,425.31,-,Upgrade
21,EPS Growth,-26.45%,1.06%,26.73%,-4.67%,254.64%,-33.62%,-30.99%,-10.62%,26.26%,-,-2.38%,-4.34%,-48.11%,-,41.88%,-,-,-,-,-,Upgrade
22,Free Cash Flow,-5782,-5782,-29809,63140,8210,-2475,-36210,35403,-17569,7189,-25386,46369,-,-12105,-4631,39954,-12483,3036,-4892,46036,Upgrade
23,Free Cash Flow Per Share,-609.08,-609.08,-3140.36,6651.80,864.91,-260.77,-3814.76,3729.65,-1850.94,757.33,-2674.44,4884.99,-,-,-487.83,4209.18,-1315.08,319.84,-515.40,-,Upgrade
24,Dividend Per Share,-,-,500.000,-,-,-,500.000,-,500.000,-,500.000,-,500.000,-,-,-,500.000,-,-,-,Upgrade
25,Gross Margin,7.49%,14.14%,12.29%,18.69%,12.64%,22.63%,13.35%,17.80%,6.15%,18.26%,13.03%,18.52%,4.30%,22.30%,12.80%,14.95%,16.04%,15.90%,10.83%,13.14%,Upgrade
26,Operating Margin,3.42%,5.52%,4.77%,11.60%,6.81%,9.46%,5.11%,9.78%,-1.12%,7.88%,5.92%,10.65%,-2.05%,7.81%,6.34%,9.15%,5.70%,5.78%,4.24%,7.22%,Upgrade
27,Profit Margin,6.12%,6.32%,5.34%,4.68%,7.37%,6.59%,4.85%,4.79%,2.85%,6.62%,5.28%,5.28%,1.83%,6.49%,5.35%,4.59%,4.86%,4.71%,4.56%,4.08%,Upgrade
28,Free Cash Flow Margin,-15.53%,-14.94%,-32.58%,91.67%,19.52%,-6.73%,-45.47%,50.24%,-57.22%,13.04%,-23.99%,64.77%,-,-39.21%,-4.33%,46.38%,-45.48%,6.57%,-5.53%,44.10%,Upgrade
29,EBIT,1273,2135,4367,7992,2865,3478,4073,6890,-343.05,4344,6264,7625,-776.15,2410,6783,7884,1565,2671,3753,7534,Upgrade
30,EBIT Margin,3.42%,5.52%,4.77%,11.60%,6.81%,9.46%,5.11%,9.78%,-1.12%,7.88%,5.92%,10.65%,-2.05%,7.81%,6.34%,9.15%,5.70%,5.78%,4.24%,7.22%,Upgrade
31,Effective Tax Rate,12.30%,16.59%,20.00%,20.00%,14.48%,20.00%,20.00%,20.00%,11.94%,20.00%,20.00%,20.00%,3.22%,20.00%,20.00%,20.00%,20.00%,20.00%,20.00%,20.00%,Upgrade
32,Revenue as Reported,37235,38704,91494,68880,42056,36773,79638,70462,30706,55117,105804,71596,37812,30874,107002,86137,27445,46210,88487,104383,Upgrade
